date,CA_sales,TX_sales,WI_sales,total_sales
1/29/2011,36276.1,24100.451,21274.059,81650.61
1/30/2011,35047.46,23771.68,20151.43,78970.57
1/31/2011,25283.73,16609.832,15813.35,57706.914
2/1/2011,26917.002,17957.96,15886.24,60761.203
2/2/2011,25175.63,14455.859,7328.46,46959.953
2/3/2011,27496.328,22009.02,19872.031,69377.375
2/4/2011,31251.719,16004.57,21532.77,68789.06
2/5/2011,42484.77,23962.941,27000.04,93447.75
2/6/2011,38055.918,25552.82,19888.82,83497.56
2/7/2011,29617.3,19250.879,16296.5205,65164.7
2/8/2011,28774.32,16664.691,15440.38,60879.39
2/9/2011,26731.17,16753.69,16923.83,60408.688
2/10/2011,30009.871,16386.6,16345.53,62742
2/11/2011,31809.379,19227.04,20947.69,71984.11
2/12/2011,39853.88,26771.611,25959.41,92584.91
2/13/2011,43578.6,32372.6,24812.629,100763.83
2/14/2011,25228.22,18626.73,15873.939,59728.89
2/15/2011,25817.49,20218.7,18242.121,64278.31
2/16/2011,24838.45,18226.371,15920.77,58985.59
2/17/2011,23078.69,17416.23,16694.07,57188.992
2/18/2011,28919.871,19273.95,19274.172,67467.99
2/19/2011,38052.11,25921.87,23676.85,87650.83
2/20/2011,38102.42,26977.88,16289.141,81369.445
2/21/2011,33537.37,19361.78,12648.42,65547.57
2/22/2011,24986.13,17501.129,12893.43,55380.688
2/23/2011,24186.71,15696.641,15186.92,55070.273
2/24/2011,22904.34,16625.51,14456.49,53986.344
2/25/2011,27753.818,16985.64,17037.41,61776.87
2/26/2011,37640.44,23538.97,20660.078,81839.49
2/27/2011,35602.32,24910.459,18938.469,79451.25
2/28/2011,25737.219,18052.46,15004.98,58794.66
3/1/2011,27179.36,18921.719,16439.1,62540.18
3/2/2011,26471.26,16849.79,16675.49,59996.54
3/3/2011,28015.5,17958.541,18543.941,64517.98
3/4/2011,29179.85,17636.129,17204.58,64020.555
3/5/2011,39088.57,25202.28,21952.91,86243.766
3/6/2011,44367.832,28037.988,21899.58,94305.4
3/7/2011,29922.85,20919.041,16141.949,66983.84
3/8/2011,27855.932,17178.72,16211.18,61245.832
3/9/2011,25980.24,18489.38,14302.199,58771.82
3/10/2011,27239.98,16934.621,15930.131,60104.734
3/11/2011,30560.799,19173.82,18381.21,68115.83
3/12/2011,37868.418,24561.951,23233.64,85664.01
3/13/2011,39819.95,26376.01,19783.691,85979.66
3/14/2011,28851.129,20113.012,16877.8,65841.94
3/15/2011,25235.219,20214.75,17102.1,62552.07
3/16/2011,26715.691,17779.09,15581.551,60076.332
3/17/2011,25848.47,17770.17,13890.7,57509.34
3/18/2011,28037.46,19259.32,17550.36,64847.14
3/19/2011,40391.547,22064.379,20991.61,83447.53
3/20/2011,39958.85,24587.7,16979.02,81525.57
3/21/2011,28430.59,18309.28,14629.189,61369.055
3/22/2011,26146.129,15838.43,12620.4,54604.96
3/23/2011,23431.049,15839.81,12410.96,51681.82
3/24/2011,21426.48,15643.46,13399.42,50469.36
3/25/2011,30253.55,17034.7,15486.57,62774.82
3/26/2011,38154.41,22208.66,19898.11,80261.18
3/27/2011,37979.6,25520.68,17745.309,81245.59
3/28/2011,27038.871,16980.42,13488.131,57507.42
3/29/2011,23612.81,15479.709,13478.57,52571.09
3/30/2011,23320.648,14726.289,12096.689,50143.625
3/31/2011,26102.72,15970.141,13908.619,55981.477
4/1/2011,33536.59,20960.77,19883.09,74380.45
4/2/2011,41279.258,24395.69,24984.17,90659.12
4/3/2011,41841.52,27005.5,20274.3,89121.31
4/4/2011,33205.27,17603.27,15251.23,66059.766
4/5/2011,28549.26,18294.012,15704.91,62548.184
4/6/2011,28024.58,17177.01,15008.93,60210.52
4/7/2011,28891.66,18552.84,13146.1,60590.6
4/8/2011,30618.299,18869.21,17315.031,66802.54
4/9/2011,39719.23,24411.879,22016.42,86147.53
4/10/2011,42060.57,26078.51,16941.26,85080.336
4/11/2011,30649.49,20325.469,15634.41,66609.375
4/12/2011,25794.46,19345.922,16420.41,61560.793
4/13/2011,24435.87,19003.56,13598.5,57037.93
4/14/2011,26006.52,17384.39,15434.08,58824.992
4/15/2011,30367.592,21145.51,17161.91,68675.016
4/16/2011,37258.42,24856.46,20943.95,83058.83
4/17/2011,39530.47,25955.58,18131.17,83617.22
4/18/2011,28544.932,18807.59,13918.7,61271.223
4/19/2011,26341.81,17051.488,11399.8,54793.098
4/20/2011,25757.05,17159.27,13804.1,56720.42
4/21/2011,26476.24,16265.34,13724.43,56466.008
4/22/2011,31961.21,20922.66,16688.88,69572.75
4/23/2011,40563.16,24352.43,19255.84,84171.43
4/24/2011,34442.07,21948.31,11886.2,68276.586
4/25/2011,25581.059,17656.41,13105.35,56342.82
4/26/2011,24200.83,15201.061,11389.48,50791.37
4/27/2011,23535.05,15099.24,12242.73,50877.02
4/28/2011,23573.602,15233.301,13146.32,51953.223
4/29/2011,28563.93,17983.781,17996.969,64544.68
4/30/2011,36811.11,23301.91,20535.77,80648.79
5/1/2011,36881.508,27050.318,17415.121,81346.95
5/2/2011,30099.02,17330.14,15618.33,63047.492
5/3/2011,30350.51,19295.07,16633.4,66278.98
5/4/2011,27237.059,16132.041,14303.189,57672.29
5/5/2011,25403.338,17128.19,14189.359,56720.887
5/6/2011,31147.91,21300.25,15770.16,68218.32
5/7/2011,35416.18,23297.102,19308.52,78021.8
5/8/2011,32411.559,19725.93,13718.041,65855.53
5/9/2011,32416.031,21338.73,15281.76,69036.52
5/10/2011,28967.18,17448.55,13760.609,60176.34
5/11/2011,27711.648,18962.89,14884.75,61559.29
5/12/2011,26676.709,18456.41,15885.541,61018.656
5/13/2011,31340.469,22010.96,17121.67,70473.1
5/14/2011,37382.92,24413.102,20100.08,81896.1
5/15/2011,39672.793,28064.281,20531.93,88269.01
5/16/2011,27406.291,19353.57,14488.8,61248.66
5/17/2011,25153.832,17474.39,13405.51,56033.734
5/18/2011,24225.52,15685.76,13004.24,52915.523
5/19/2011,24648.332,15877,12392.33,52917.664
5/20/2011,28715.96,17260.67,15104.609,61081.242
5/21/2011,35467.67,22786.941,18206.73,76461.34
5/22/2011,35656.96,23818.57,14132.08,73607.61
5/23/2011,27263.56,17508.29,13326.279,58098.133
5/24/2011,23959.252,15805.209,12799.26,52563.72
5/25/2011,24955,16008.18,11208.26,52171.438
5/26/2011,25910.932,17155.6,13942.59,57009.12
5/27/2011,28630.14,17487.79,15521.73,61639.66
5/28/2011,31989.059,22208.371,16836.27,71033.7
5/29/2011,31988.438,20401.56,14061.59,66451.59
5/30/2011,32331.77,19954.91,12495.62,64782.3
5/31/2011,25241.531,16222.57,13917.26,55381.36
6/1/2011,28147.242,20977.01,15651.55,64775.8
6/2/2011,28021.018,17981.84,16395.18,62398.04
6/3/2011,32852.88,22054.55,18789.1,73696.53
6/4/2011,39941.32,23694.74,20228.55,83864.61
6/5/2011,40545.207,26305.691,21075.871,87926.766
6/6/2011,32416.85,22811.02,17966.14,73194.01
6/7/2011,30748.041,21529.16,17606.809,69884.016
6/8/2011,29528.621,19758.71,16822.852,66110.19
6/9/2011,28245.35,20270.871,17180.17,65696.39
6/10/2011,34270.04,21325.12,16899.691,72494.84
6/11/2011,36624.61,25941.5,20869,83435.11
6/12/2011,39456.7,28329.13,18645.18,86431.01
6/13/2011,31889.68,22709.37,15724.38,70323.43
6/14/2011,29127.97,19699.57,16731.09,65558.625
6/15/2011,29497.5,21454.371,17417.67,68369.54
6/16/2011,28874.021,18911.121,15368.199,63153.34
6/17/2011,31037.09,20591.521,16554.49,68183.1
6/18/2011,36263.742,24437.86,17938.61,78640.21
6/19/2011,33609.67,23314.13,15819.939,72743.74
6/20/2011,31624.91,20394.35,14310.359,66329.62
6/21/2011,27767.209,17831.69,13443.97,59042.867
6/22/2011,28512.23,15712.15,14352.09,58576.473
6/23/2011,29973.2,18359.82,14393.18,62726.2
6/24/2011,31813.92,20338,16280.33,68432.25
6/25/2011,34195.86,22251.992,16526,72973.85
6/26/2011,37490.895,24268.11,15210.61,76969.62
6/27/2011,29316.19,19105.031,13428.98,61850.2
6/28/2011,24469.422,16790.76,12769.96,54030.14
6/29/2011,25686.14,16211.4795,12331.09,54228.71
6/30/2011,28001.7,17123.97,14553.13,59678.8
7/1/2011,37470.918,24948.73,20859.49,83279.14
7/2/2011,41555.59,24614.879,21077.17,87247.64
7/3/2011,36972.61,24516.102,16855.42,78344.13
7/4/2011,29853.61,20421.25,11281.55,61556.41
7/5/2011,34503.1,21425.32,16057.04,71985.46
7/6/2011,33866.27,19686.201,17868.89,71421.36
7/7/2011,34450.5,23070.77,16341.899,73863.17
7/8/2011,36734.87,21106.62,18693.512,76535
7/9/2011,41136.844,26290.75,21818.602,89246.195
7/10/2011,43070.824,26049.55,18746.68,87867.055
7/11/2011,32357.79,23520.1,17647.56,73525.45
7/12/2011,27871.26,20846.65,18239.25,66957.16
7/13/2011,28326.781,21979.95,15383.87,65690.6
7/14/2011,29083.23,19280.91,16197.8,64561.94
7/15/2011,32021.89,23951.69,20086.71,76060.29
7/16/2011,39184.137,26409.648,20323.531,85917.31
7/17/2011,40761.84,26605.352,18345.01,85712.195
7/18/2011,31399.62,20060.541,15907,67367.16
7/19/2011,27447.441,17139.92,15472.1,60059.46
7/20/2011,28151.422,18267.969,14225.529,60644.92
7/21/2011,29189.81,18307.08,15106.781,62603.67
7/22/2011,32983.652,20649.74,17610.52,71243.91
7/23/2011,39059.7,24230.05,19137.582,82427.33
7/24/2011,39017.633,25279.57,16541.63,80838.836
7/25/2011,29742.791,20516.44,13761.471,64020.703
7/26/2011,26940.98,17399.74,13834.71,58175.43
7/27/2011,27072.31,16842.209,12352.62,56267.14
7/28/2011,27557.281,17577.691,14133.7,59268.67
7/29/2011,31922.729,19518.059,16464.99,67905.78
7/30/2011,37438.55,23399.63,19148.31,79986.49
7/31/2011,38884.11,25392.889,16997.76,81274.76
8/1/2011,33066.75,23901.01,16557.781,73525.54
8/2/2011,31938.44,19131.691,17650.08,68720.21
8/3/2011,32047.951,21614.57,18880.09,72542.61
8/4/2011,30395.91,20557.68,14448.6,65402.188
8/5/2011,33339.5,22203.39,16848.36,72391.25
8/6/2011,38026.41,27188.55,20025.42,85240.38
8/7/2011,42120.664,29290.76,18234.15,89645.57
8/8/2011,32893.41,21545.91,16240.631,70679.95
8/9/2011,31643.24,21050.47,17142.74,69836.45
8/10/2011,32986.65,19600.17,15007.95,67594.77
8/11/2011,30320.1,21369.75,16479.77,68169.625
8/12/2011,34395,24394.559,18846.54,77636.09
8/13/2011,41283.18,30109.418,19459.57,90852.164
8/14/2011,43628.55,29267.71,19036.9,91933.164
8/15/2011,33515.49,24557.47,17342.64,75415.6
8/16/2011,30871.09,20734.66,15040.26,66646.01
8/17/2011,29528.89,20335.7,14404.931,64269.52
8/18/2011,28778.61,19463.24,13372.699,61614.55
8/19/2011,31121.89,22738.02,16861.781,70721.69
8/20/2011,40250.39,27905.07,18171.691,86327.16
8/21/2011,45944.684,31624.031,16733.281,94302
8/22/2011,32425.55,22206.13,14478.439,69110.12
8/23/2011,28730.63,19069.94,13777.01,61577.58
8/24/2011,28371.05,17228.72,14170.26,59770.03
8/25/2011,27548.5,16992.23,13856.99,58397.72
8/26/2011,31136.83,19528.06,15932.511,66597.4
8/27/2011,39365.508,26047.918,18470.79,83884.22
8/28/2011,40720.89,26993.98,15993.94,83708.81
8/29/2011,28617.69,18571.36,13442.86,60631.906
8/30/2011,25477.18,16626.54,12922.41,55026.13
8/31/2011,26052.83,17870.08,15749.281,59672.19
9/1/2011,30539.07,22609.54,16880.26,70028.87
9/2/2011,34094.43,22007.11,21144.852,77246.39
9/3/2011,40435.348,28589.299,21226.57,90251.22
9/4/2011,37836.11,19728.629,16294.9,73859.64
9/5/2011,39309.91,24963.559,17564.25,81837.72
9/6/2011,33933.96,20181.398,17670.65,71786.01
9/7/2011,31669.32,21618.96,14423.04,67711.32
9/8/2011,31837.889,18783.291,15793.58,66414.76
9/9/2011,34896.97,23296,18645.59,76838.56
9/10/2011,42950.117,27879.191,21421.74,92251.055
9/11/2011,45669.188,31224.09,21409.52,98302.8
9/12/2011,31820.031,22707.852,17454.328,71982.21
9/13/2011,28391.83,23586.97,14518.391,66497.19
9/14/2011,27470.73,19478.02,16683.871,63632.62
9/15/2011,29155.51,22917.668,19064.45,71137.625
9/16/2011,33400.5,22757.55,18517.73,74675.78
9/17/2011,40172.34,28091.64,21680.45,89944.44
9/18/2011,44107.69,28834,18059.25,91000.94
9/19/2011,32225.09,21654.6,13766.1,67645.79
9/20/2011,29906.328,18151.29,13397.4,61455.016
9/21/2011,29268.92,16879.95,13976.85,60125.72
9/22/2011,27874.621,17233.51,14357.48,59465.613
9/23/2011,34475.53,20348.85,16636.92,71461.305
9/24/2011,42638.875,26220.97,19476.71,88336.555
9/25/2011,44350.59,28220.66,17779.01,90350.26
9/26/2011,30929.48,19674.61,13532.881,64136.97
9/27/2011,28935.52,17333.36,13106.189,59375.07
9/28/2011,27354.17,16871.29,13650.789,57876.25
9/29/2011,26519.729,17304.19,13986.55,57810.47
9/30/2011,33813.98,22927.32,20476.07,77217.375
10/1/2011,48165.59,31751.871,23384.64,103302.1
10/2/2011,47594.51,29295.281,22092.91,98982.7
10/3/2011,35092.34,23928,19932.871,78953.21
10/4/2011,33663.723,19796.762,14764.93,68225.414
10/5/2011,31009.97,20877.03,16440.79,68327.79
10/6/2011,30779.18,20571.93,17228.6,68579.71
10/7/2011,35436.82,24902.56,16964.39,77303.77
10/8/2011,43946.72,26157.719,22744.16,92848.59
10/9/2011,47008.453,27051.7,23140.809,97200.97
10/10/2011,37724.96,25389.77,15770.89,78885.62
10/11/2011,30893.799,22172.66,16584.4,69650.86
10/12/2011,30213.27,23601.33,18073.93,71888.53
10/13/2011,29811.07,22833.22,15632.9,68277.19
10/14/2011,35917.49,22625.021,20924.13,79466.64
10/15/2011,45011.223,30882.66,26005.21,101899.09
10/16/2011,46118.21,31394.82,20786.74,98299.77
10/17/2011,34370.453,23169.24,16097.311,73637.01
10/18/2011,28923.158,20345.73,14814.82,64083.71
10/19/2011,28093.92,19112.43,13195.28,60401.633
10/20/2011,28008.29,17911.49,13553.529,59473.312
10/21/2011,33796.45,20734.98,16728.36,71259.79
10/22/2011,43108.8,26153.82,19791.71,89054.336
10/23/2011,43518.473,27867.64,17640.629,89026.734
10/24/2011,31564,21497.219,13693.24,66754.46
10/25/2011,28330.658,18183.2,13362.75,59876.61
10/26/2011,27027.37,18745.33,13837.89,59610.59
10/27/2011,28707.36,17734.9,14379.66,60821.918
10/28/2011,31955.82,20103.18,18539.86,70598.86
10/29/2011,43485.83,24606.11,20306.719,88398.66
10/30/2011,44960.992,26329.799,16285.88,87576.67
10/31/2011,27544.19,19089.81,14137.71,60771.71
11/1/2011,29335.82,22260.1,17509.89,69105.81
11/2/2011,29653.93,18627.26,16112.46,64393.65
11/3/2011,31590.258,21526.742,19304.05,72421.05
11/4/2011,36058.72,20592.77,18462.22,75113.71
11/5/2011,43501.72,27961.543,24040.2,95503.47
11/6/2011,48968.633,31271.94,22750.16,102990.734
11/7/2011,34453.5,23354.28,14280.05,72087.83
11/8/2011,31849.648,18221.129,15614.359,65685.14
11/9/2011,30948.71,21072.65,16044.16,68065.516
11/10/2011,32477.52,19746.47,16390.93,68614.92
11/11/2011,36387.28,22352.71,18474.19,77214.18
11/12/2011,41165.46,27751.58,23939.18,92856.22
11/13/2011,42764.81,30871.742,20908.48,94545.03
11/14/2011,31651.031,21894.451,16575.32,70120.805
11/15/2011,29386.52,22395.371,18052.57,69834.46
11/16/2011,28474.521,19703.87,15272.529,63450.92
11/17/2011,27510.71,19334.73,13686.5205,60531.96
11/18/2011,32386.172,19787.66,17003.93,69177.766
11/19/2011,44099.484,25700.049,20060.28,89859.81
11/20/2011,43588.46,27320.11,18157.11,89065.68
11/21/2011,33511.58,20948.06,13349.04,67808.68
11/22/2011,32294.791,20634.629,14472.721,67402.14
11/23/2011,35325.508,26349.332,16444.44,78119.28
11/24/2011,19032.36,19060.95,8834.65,46927.96
11/25/2011,28248.89,17266.78,15323.381,60839.055
11/26/2011,32729.818,18393.398,16433.62,67556.836
11/27/2011,35174.44,21769.879,15776.971,72721.29
11/28/2011,29013.48,17080.08,13686.82,59780.383
11/29/2011,26543.8,16498.96,13418.76,56461.523
11/30/2011,25274.07,17132.73,13055.42,55462.22
12/1/2011,29609.57,20555.4,16892.7,67057.67
12/2/2011,35082.938,20635.93,20766.54,76485.41
12/3/2011,44760.418,27555.902,24603.33,96919.65
12/4/2011,47048.98,27894.08,20637.71,95580.77
12/5/2011,36435.19,22654.71,18815.328,77905.234
12/6/2011,32374.9,21353.89,17026.68,70755.47
12/7/2011,30941.479,21173.08,14303.54,66418.1
12/8/2011,32823.82,18104.52,18207.691,69136.03
12/9/2011,35126.14,21740.98,19330.47,76197.59
12/10/2011,44806.027,24509.262,22627.05,91942.34
12/11/2011,45151.06,30351.25,21757.45,97259.766
12/12/2011,35115.3,24259.76,18339.94,77715
12/13/2011,31507.52,23909.629,15733.359,71150.51
12/14/2011,30302.19,22809.531,17092.5,70204.22
12/15/2011,32813.32,25051.08,19570.41,77434.81
12/16/2011,34675.9,21922.77,19343.04,75941.7
12/17/2011,41954.32,27258.13,21600.63,90813.086
12/18/2011,44007.953,25417.07,18828.79,88253.81
12/19/2011,34647.082,21980.06,16059.971,72687.11
12/20/2011,33358.14,20396.18,16686.22,70440.54
12/21/2011,33526.27,21116.24,15552.381,70194.89
12/22/2011,35267.168,22259.91,17237.14,74764.22
12/23/2011,42080.59,26128.63,21966.59,90175.81
12/24/2011,32822.703,25132.65,18012.988,75968.34
12/25/2011,10.88,3.3600001,9.440001,23.68
12/26/2011,34864.99,24465.08,16993.55,76323.625
12/27/2011,31493.12,19773.94,14314.29,65581.35
12/28/2011,31500.072,19843.18,14480.79,65824.04
12/29/2011,32721.43,18956.65,14970.949,66649.03
12/30/2011,41416.617,24510.12,21573.012,87499.75
12/31/2011,38291.918,27096.59,21908.97,87297.48
1/1/2012,27929.299,18759.91,10822.77,57511.98
1/2/2012,42455.47,24738.39,21758.91,88952.766
1/3/2012,34164.69,22137.66,19391.02,75693.375
1/4/2012,30928.941,19372.25,16610.05,66911.24
1/5/2012,33548.93,22335.86,18488.32,74373.11
1/6/2012,34703.9,23736.94,20835.71,79276.55
1/7/2012,45444.23,28637.541,22615.262,96697.03
1/8/2012,49021.95,29317.34,21118.02,99457.31
1/9/2012,36906.81,19079.08,18861.46,74847.35
1/10/2012,33266.258,20537.3,15429.07,69232.625
1/11/2012,30567.78,22799.18,21470.07,74837.03
1/12/2012,28052.61,21056.959,15439.36,64548.93
1/13/2012,35851.332,24926.86,17683.18,78461.375
1/14/2012,43462.484,27533.762,26412.2,97408.45
1/15/2012,44237.89,29811.451,22652.89,96702.234
1/16/2012,39389.336,24351.37,19393.77,83134.47
1/17/2012,28714.95,18298.74,11377.34,58391.027
1/18/2012,30948.27,19139.91,17079.74,67167.92
1/19/2012,28962.94,18937.91,16323.67,64224.523
1/20/2012,33868.44,22154.379,16681.11,72703.93
1/21/2012,51448.793,27644.43,24846.83,103940.05
1/22/2012,40844.53,28288.43,20182.5,89315.46
1/23/2012,31363.39,20304.68,14679.07,66347.14
1/24/2012,30495.621,17729.28,14877.92,63102.82
1/25/2012,28452.459,16182.541,14225.96,58860.96
1/26/2012,28105.98,17821.83,15271.209,61199.023
1/27/2012,33684.49,20617.17,17885.701,72187.36
1/28/2012,42540.902,26480.72,23019.97,92041.59
1/29/2012,45720,27590.988,18388.719,91699.7
1/30/2012,33038.13,19824.79,14971.251,67834.17
1/31/2012,32828.508,19195.02,15561.59,67585.12
2/1/2012,35587.14,25728.398,19438.42,80753.96
2/2/2012,35809.96,21059.02,20726.04,77595.016
2/3/2012,41742.11,26474.25,25729.92,93946.28
2/4/2012,57148.64,33103.56,28432.9,118685.1
2/5/2012,48986.21,36552.61,25824.09,111362.91
2/6/2012,39127.32,25065.098,20558.8,84751.22
2/7/2012,36130.08,25507.922,17029.76,78667.76
2/8/2012,35106.223,22320.14,19781.371,77207.734
2/9/2012,35349.89,22615.59,21783.621,79749.1
2/10/2012,40323.598,22087.36,18257.992,80668.95
2/11/2012,55063.637,31247.98,27700.291,114011.91
2/12/2012,53762.723,34747.73,28761.42,117271.875
2/13/2012,40288.92,28272.77,19933.61,88495.3
2/14/2012,28988.168,21349.91,17057.12,67395.195
2/15/2012,30858.57,22418.64,20644.26,73921.47
2/16/2012,31297.172,22013,18283.32,71593.49
2/17/2012,38528.98,21794.89,20085.61,80409.484
2/18/2012,48976.56,28650.96,24618.559,102246.08
2/19/2012,48177.46,32020.422,22644.621,102842.5
2/20/2012,43099,24189.2,16297.83,83586.03
2/21/2012,33039.14,20399.59,15409.381,68848.11
2/22/2012,31312.652,19791.07,16397.65,67501.375
2/23/2012,32012.459,20651.16,15943.77,68607.39
2/24/2012,37750.03,22245.31,16299.779,76295.125
2/25/2012,46513.34,27608.66,24534.71,98656.71
2/26/2012,47045.758,31587.951,21519.74,100153.45
2/27/2012,34084.43,23234.07,16089.67,73408.17
2/28/2012,30310.67,20329.76,15577.641,66218.07
2/29/2012,30974.36,20051.59,15607.33,66633.28
3/1/2012,36872.9,25236.82,19837.56,81947.28
3/2/2012,40942.277,23934.43,21641.531,86518.234
3/3/2012,52333.41,31548.51,28988.371,112870.3
3/4/2012,54756.883,31877.621,24787.18,111421.68
3/5/2012,41395.25,26713.77,21359.969,89468.984
3/6/2012,38208.43,24909.25,21826.629,84944.31
3/7/2012,37854.53,23678.45,17063.96,78596.94
3/8/2012,37310.33,23069.14,20270.64,80650.11
3/9/2012,41379.93,23414.46,22825.61,87620
3/10/2012,53071.56,31873.65,24270.102,109215.31
3/11/2012,56075.566,33978.383,23856.29,113910.24
3/12/2012,40096.547,29014.97,19310.16,88421.67
3/13/2012,33519.668,28196.51,16842.379,78558.56
3/14/2012,31793.84,24418.82,17577.14,73789.8
3/15/2012,34557.92,27789.96,20739.83,83087.71
3/16/2012,36381.94,26374.96,20251.36,83008.266
3/17/2012,51001.742,28446.621,23859.5,103307.86
3/18/2012,50585.266,32478.77,21562.33,104626.36
3/19/2012,37253.98,24999.52,17539.49,79792.99
3/20/2012,32886.84,20439.62,15745.391,69071.85
3/21/2012,32265.94,21504.219,16649.61,70419.766
3/22/2012,32766.96,21555.09,15662.471,69984.52
3/23/2012,35676.82,24006.74,17237.88,76921.445
3/24/2012,47422.234,29922.09,23392.56,100736.89
3/25/2012,52411.473,31108.23,21472.059,104991.766
3/26/2012,36864.66,24018.11,15549.74,76432.51
3/27/2012,29609.46,21153.63,15137.061,65900.16
3/28/2012,32594.059,19965.92,15191.119,67751.09
3/29/2012,30620.02,19248.602,14846.0205,64714.64
3/30/2012,40116.348,24268.709,19627.629,84012.69
3/31/2012,49317.758,29051.48,25824.18,104193.414
4/1/2012,52105.56,36974.84,21077.97,110158.37
4/2/2012,39991.92,23062.88,20633.148,83687.95
4/3/2012,39924.44,26459.148,21048.04,87431.63
4/4/2012,36386.76,22193.44,17057.34,75637.55
4/5/2012,38237.2,24419.121,19702.71,82359.03
4/6/2012,44132.76,31518.21,23240.059,98891.03
4/7/2012,56389.094,37231.34,24492.5,118112.94
4/8/2012,45434.95,32614.121,17543.64,95592.71
4/9/2012,40429.48,25660.352,19912.89,86002.72
4/10/2012,36217.6,23498.69,17556.379,77272.67
4/11/2012,35292.49,25218.01,19134.469,79644.97
4/12/2012,33035.66,24051.42,19929.35,77016.43
4/13/2012,38442.78,27960.21,20590.371,86993.36
4/14/2012,48098.11,31557.309,24817.73,104473.16
4/15/2012,47265.25,36925.53,23681.74,107872.52
4/16/2012,35070.48,22884.5,18094.65,76049.63
4/17/2012,31487.63,24118.47,16638.43,72244.53
4/18/2012,32247.41,21768.65,14783.1,68799.164
4/19/2012,32025.008,21863.75,13268.859,67157.62
4/20/2012,37522.85,21168.549,17298.379,75989.78
4/21/2012,47391.42,29604.65,22115.92,99111.99
4/22/2012,49796.598,31838.41,19903.5,101538.51
4/23/2012,34350.76,23603.09,15128.77,73082.625
4/24/2012,32484.652,20412.4,14302.04,67199.09
4/25/2012,30077.62,21144.459,14171.721,65393.797
4/26/2012,31014.74,20808.99,14709.84,66533.57
4/27/2012,37562.4,22488.55,18490.078,78541.03
4/28/2012,43935.87,29279.459,22803.11,96018.44
4/29/2012,48121.094,31535.26,20516.84,100173.19
4/30/2012,35123.03,23329.271,15909.04,74361.34
5/1/2012,36805.77,26309.99,19145.4,82261.16
5/2/2012,34515.4,22739.709,20414.63,77669.74
5/3/2012,38406.66,25620.76,22318.71,86346.13
5/4/2012,39930.72,25610.44,21578.34,87119.5
5/5/2012,45422.332,33277.68,26878.02,105578.03
5/6/2012,51347.723,36513.16,25236.27,113097.16
5/7/2012,43049.53,28937.2,18270.71,90257.445
5/8/2012,38764.23,22682.81,19763.45,81210.484
5/9/2012,36573.48,25007.61,20316.84,81897.93
5/10/2012,36334.133,22045.01,17929.871,76309.016
5/11/2012,40067.777,25398.33,22515.99,87982.1
5/12/2012,49623.383,32528.441,27440.75,109592.58
5/13/2012,40577.53,31519.922,18854.24,90951.695
5/14/2012,36192.88,26181.219,21519.191,83893.29
5/15/2012,37057.72,26130.46,21986.64,85174.82
5/16/2012,34913.68,23669.69,19894.05,78477.42
5/17/2012,33709.348,22252.06,17792.352,73753.76
5/18/2012,39732.1,25952.898,20048.24,85733.24
5/19/2012,47824.72,30352.21,23484.23,101661.16
5/20/2012,51752.9,33453.71,22427.54,107634.15
5/21/2012,37157.92,23974.75,18086.51,79219.18
5/22/2012,33894.91,23813.2,16933.26,74641.37
5/23/2012,32178.879,21643.93,17273.42,71096.23
5/24/2012,33508.11,22666.85,17326.72,73501.68
5/25/2012,40075.62,26190.79,22484.99,88751.4
5/26/2012,44180.89,31374.111,24430.65,99985.65
5/27/2012,41919.332,30179.4,19387.29,91486.02
5/28/2012,42574.97,29287.7,17676.23,89538.91
5/29/2012,34942,22910.121,16952.209,74804.33
5/30/2012,33141.2,22524.969,17042.262,72708.43
5/31/2012,36242.65,21417.92,18460.85,76121.42
6/1/2012,44911.473,31601.1,27371.7,103884.266
6/2/2012,52942.04,32972.49,31285.09,117199.625
6/3/2012,53748.75,35346.55,29459.09,118554.39
6/4/2012,41380.42,27242.709,21551.8,90174.94
6/5/2012,40113.918,26546.92,23164.648,89825.484
6/6/2012,37408.973,26936.64,24258.17,88603.78
6/7/2012,39076.8,28781.371,20609.03,88467.2
6/8/2012,42988.1,26131.26,28068.1,97187.46
6/9/2012,49596.43,34172.56,32001.398,115770.38
6/10/2012,52865.113,34616.11,26772.14,114253.36
6/11/2012,43970.703,30278.45,26133.09,100382.25
6/12/2012,38377.92,25990.27,25664.54,90032.734
6/13/2012,36833.77,27021.6,21223.11,85078.48
6/14/2012,38467.543,24338.09,24788.82,87594.45
6/15/2012,44718.02,31336.398,29746.781,105801.2
6/16/2012,51207.71,33823.49,28536.14,113567.34
6/17/2012,45905.113,31526.39,22375.51,99807.01
6/18/2012,41456.13,27007.85,20848.34,89312.31
6/19/2012,38521.41,22658.28,21572.59,82752.28
6/20/2012,36762.41,24364.11,20412.102,81538.625
6/21/2012,37068.71,23393.17,20379.98,80841.86
6/22/2012,43063.64,27045.74,23003.23,93112.61
6/23/2012,47959.81,30728.33,24985.71,103673.85
6/24/2012,48564.24,33077.55,24446.98,106088.766
6/25/2012,38223.42,26175.27,19842.121,84240.81
6/26/2012,33574.79,23063.87,19246.61,75885.266
6/27/2012,34042.54,22458.08,18032.47,74533.086
6/28/2012,35059.18,22047.99,19257.969,76365.14
6/29/2012,41781.25,27513.8,27020.06,96315.11
6/30/2012,48314.4,30155.5,28021.45,106491.34
7/1/2012,51497.37,34069.02,25035.24,110601.63
7/2/2012,42388.242,25184.16,27619.05,95191.45
7/3/2012,44191.176,28256.5,31158.219,103605.89
7/4/2012,37982.07,25994.5,21385.07,85361.64
7/5/2012,38342.37,26061.79,27479.559,91883.72
7/6/2012,44086.04,30088.1,30711.828,104885.97
7/7/2012,48465.96,34239.02,28079.47,110784.45
7/8/2012,52633.02,32288.14,29818.973,114740.125
7/9/2012,43223.24,26320.23,26888.809,96432.28
7/10/2012,40237.91,24232.75,22154.35,86625.01
7/11/2012,37517.34,25463.3,25119.89,88100.53
7/12/2012,38022.3,24396.4,25936.602,88355.305
7/13/2012,42951.77,29453.809,25032.33,97437.91
7/14/2012,49879.41,33274.16,31184.66,114338.234
7/15/2012,50853.97,36329.29,31470.3,118653.56
7/16/2012,38734.43,25875.861,23429.1,88039.39
7/17/2012,36823.95,22652.969,21696.92,81173.836
7/18/2012,34802.008,22064.51,19621.94,76488.45
7/19/2012,37633.21,24075.1,19789.23,81497.55
7/20/2012,42403.4,27967.01,23464.61,93835.016
7/21/2012,47726.613,30772.791,25998.21,104497.62
7/22/2012,51645.652,32695.5,23075.55,107416.7
7/23/2012,38925.168,23903.4,19595.582,82424.16
7/24/2012,36696.4,22884.75,20021.21,79602.36
7/25/2012,35010.69,22053.621,18443.89,75508.2
7/26/2012,35561.33,22171.38,18785.42,76518.13
7/27/2012,38850.12,24639.42,21698.07,85187.61
7/28/2012,43065.86,29268.121,22290.12,94624.1
7/29/2012,44212.85,31233.781,21864.531,97311.164
7/30/2012,36084.242,22560.18,18959.05,77603.47
7/31/2012,36664.77,23024.969,19162.59,78852.33
8/1/2012,38586.2,27257.55,24707.531,90551.28
8/2/2012,41183.258,25794.3,26356.17,93333.734
8/3/2012,45110.86,30231.332,30044.02,105386.2
8/4/2012,50614.5,33413.34,26797.26,110825.1
8/5/2012,53859.562,34572.15,29103.36,117535.07
8/6/2012,43451.543,29186.512,25488.43,98126.484
8/7/2012,40081.69,26560.582,20534.291,87176.56
8/8/2012,39155.953,23045.219,23990.16,86191.33
8/9/2012,40405.047,25903.33,25480.67,91789.05
8/10/2012,45248.016,26406.709,25541.51,97196.234
8/11/2012,53234.59,34618.98,27808.54,115662.11
8/12/2012,53424.06,36688.92,29749.31,119862.3
8/13/2012,42257.227,29861.46,22522.809,94641.5
8/14/2012,40749.918,23852.99,24705.46,89308.37
8/15/2012,39908.63,27104.281,26410.23,93423.14
8/16/2012,40292.84,26678.05,23885.809,90856.7
8/17/2012,43229.63,27853.12,23990.65,95073.4
8/18/2012,54733.48,30580.05,26314.71,111628.24
8/19/2012,58465.63,35383.48,24745.61,118594.72
8/20/2012,42322.44,26034.04,20057.23,88413.72
8/21/2012,38265.48,23102.81,19629.219,80997.51
8/22/2012,37105.98,23329.71,18972.33,79408.02
8/23/2012,34686.25,22634.16,19467.57,76787.984
8/24/2012,41008.98,26663.88,22086.41,89759.266
8/25/2012,50165.11,33116.97,25268.898,108550.98
8/26/2012,53605.89,35620.87,25135.02,114361.78
8/27/2012,38758.992,27009.93,19933.781,85702.7
8/28/2012,34801.25,23292.129,20079.459,78172.836
8/29/2012,34417.68,20702.879,18868.99,73989.55
8/30/2012,34442.31,22303.93,19831.74,76577.98
8/31/2012,44435.55,28175.078,30714.75,103325.375
9/1/2012,54663.64,37394.69,30307.09,122365.42
9/2/2012,50692.09,32115.98,31371.48,114179.55
9/3/2012,53255.83,34997.11,31210.771,119463.71
9/4/2012,39902.098,23963.04,22170.98,86036.12
9/5/2012,36958.23,24513.64,24736.52,86208.39
9/6/2012,37648.2,25619.96,24257.41,87525.57
9/7/2012,41353.82,28736.922,22952.77,93043.516
9/8/2012,52282.17,34267.09,33411.18,119960.445
9/9/2012,58372.46,37577.68,32562.66,128512.8
9/10/2012,42718.89,26380.41,21062.47,90161.766
9/11/2012,38324.3,24852.49,23901.81,87078.6
9/12/2012,34442.18,24312.76,25722.48,84477.42
9/13/2012,36408.242,24595.959,22182.93,83187.13
9/14/2012,41098.477,28323.541,29441.07,98863.086
9/15/2012,52011.992,37389.16,34700.53,124101.69
9/16/2012,54305.707,35996.65,30310.709,120613.07
9/17/2012,37989.89,27492.172,22133.89,87615.95
9/18/2012,36618.902,22633.79,21229.66,80482.35
9/19/2012,32670.488,21720.11,19391.96,73782.56
9/20/2012,35194.15,22466.709,20202.031,77862.89
9/21/2012,41456.938,26354.02,24067.58,91878.53
9/22/2012,52384.43,33089.08,27711.84,113185.34
9/23/2012,52884.582,35050.39,26108.621,114043.59
9/24/2012,38115.98,24800.832,18269.41,81186.22
9/25/2012,35929.57,22659.209,18074.941,76663.72
9/26/2012,33354.41,22652.45,18126.05,74132.91
9/27/2012,34260.73,21478.51,18781.98,74521.22
9/28/2012,40790.89,24894.58,23360.41,89045.875
9/29/2012,51815.42,32677.379,28994.47,113487.266
9/30/2012,53552.69,33350.258,25317.23,112220.19
10/1/2012,42955.42,29331.67,22450.148,94737.24
10/2/2012,40105.883,24237.129,24990.988,89334
10/3/2012,39849.492,26359,26770.02,92978.516
10/4/2012,37876.97,22392.64,21930.281,82199.89
10/5/2012,40764.42,27080.473,25374.51,93219.4
10/6/2012,51539.008,34126.07,33199.66,118864.734
10/7/2012,53861.17,35471.742,26429.47,115762.38
10/8/2012,43636.086,25162.441,23536.33,92334.86
10/9/2012,37249.53,24623.771,23897.76,85771.06
10/10/2012,35828.61,23100.7,21246.84,80176.15
10/11/2012,33087,24280.049,23652.11,81019.16
10/12/2012,39206.08,28250.531,27250.25,94706.86
10/13/2012,49413.55,35626.547,29458.65,114498.74
10/14/2012,50869.61,36005.3,29757.15,116632.055
10/15/2012,37261.1,30436.371,25465.25,93162.72
10/16/2012,32026.89,21939.531,20826.01,74792.43
10/17/2012,31867.77,23434.99,17491.9,72794.66
10/18/2012,32290.69,22537.57,16877.13,71705.39
10/19/2012,37255.71,23970.74,20761.98,81988.44
10/20/2012,47805.79,31421.73,23653.27,102880.78
10/21/2012,50379.316,32677.79,20048.969,103106.08
10/22/2012,34715.492,24205.871,14475.939,73397.305
10/23/2012,32140.39,21494.38,15462.58,69097.35
10/24/2012,29925.04,21866.16,14358.99,66150.19
10/25/2012,30891.37,20177.191,14724.12,65792.68
10/26/2012,35165.38,23222.27,29295.742,87683.39
10/27/2012,46164.582,27733.57,33296.65,107194.805
10/28/2012,47034.34,28924,26643.66,102602
10/29/2012,34413.19,22760.781,20344.6,77518.57
10/30/2012,35045.86,22132.32,20282.47,77460.65
10/31/2012,28404.281,20726.57,20170.941,69301.8
11/1/2012,34305.19,23801.08,25798.77,83905.05
11/2/2012,39171.71,24747.9,32646.209,96565.82
11/3/2012,51321.883,32065.531,40062.52,123449.94
11/4/2012,53390.3,33206.85,32446.54,119043.695
11/5/2012,38948.16,25263.18,27113.07,91324.41
11/6/2012,34345.93,23494.91,25752.238,83593.08
11/7/2012,34371.66,24604.44,22224.71,81200.81
11/8/2012,34826.758,22556.7,27729.21,85112.67
11/9/2012,40343.79,27067.01,31216.29,98627.086
11/10/2012,51566.117,31284.719,35248.3,118099.14
11/11/2012,49060.5,34496.39,36216.1,119772.99
11/12/2012,38032.28,25171.41,27833.27,91036.96
11/13/2012,31641.8,22525.691,23063.54,77231.03
11/14/2012,29946.629,20660.73,25991.04,76598.4
11/15/2012,31939.67,23357.39,27122.5,82419.56
11/16/2012,37203.08,24168.04,27592.488,88963.61
11/17/2012,48705.94,30876.04,33670.57,113252.555
11/18/2012,47982.09,30305.602,28069.521,106357.21
11/19/2012,36549.523,23933.13,21085.24,81567.9
11/20/2012,35844.3,24728.86,22314.45,82887.61
11/21/2012,38475.9,30876.36,25253.3,94605.56
11/22/2012,21478.52,21597.611,14249.21,57325.344
11/23/2012,28205.5,19312.24,18339.31,65857.055
11/24/2012,35810.156,24583.07,25304.879,85698.11
11/25/2012,40836.46,26169.762,26248.64,93254.86
11/26/2012,34691.59,21237.65,20188.82,76118.06
11/27/2012,31139.35,19155.04,19122.04,69416.43
11/28/2012,28448.262,18632.25,19224.42,66304.93
11/29/2012,28731.281,18909.09,18930.76,66571.13
11/30/2012,34383.07,23796.71,27538.852,85718.63
12/1/2012,52372.53,33014.72,32689.84,118077.09
12/2/2012,46560.996,32965.21,35324.02,114850.22
12/3/2012,41365.23,27669.969,29193.02,98228.22
12/4/2012,35309.95,21168.16,24406.97,80885.08
12/5/2012,33531.7,24231.24,27475.383,85238.32
12/6/2012,35582.55,24164.98,27038.92,86786.45
12/7/2012,39507.367,26432.402,26985,92924.766
12/8/2012,48468.875,31680.848,35274.34,115424.06
12/9/2012,50285.96,35250.98,34872.93,120409.87
12/10/2012,40627.59,22544.959,23818.08,86990.625
12/11/2012,35874.24,23526.81,26559.04,85960.086
12/12/2012,32457.35,23781.398,27014.07,83252.82
12/13/2012,33671.15,24517.01,22715.38,80903.54
12/14/2012,36660.75,25895.57,30629.582,93185.91
12/15/2012,48055.51,33091.742,36553.61,117700.86
12/16/2012,49775.082,32182.148,31107.791,113065.02
12/17/2012,37045.46,26471.041,24146.648,87663.15
12/18/2012,37365.57,24941.49,22522.41,84829.47
12/19/2012,33166.72,25010.66,28691.762,86869.14
12/20/2012,37567.242,25899.219,23330.5,86796.96
12/21/2012,39110.582,25609.4,26634.71,91354.695
12/22/2012,47535.78,30527.492,33394.258,111457.53
12/23/2012,43073.2,31746.082,29783.16,104602.44
12/24/2012,35684.75,25992.77,22597.75,84275.266
12/25/2012,13.53,5.26,5.94,24.730001
12/26/2012,35010.61,27190.932,21488.191,83689.734
12/27/2012,35651.73,22511.8,22970.21,81133.74
12/28/2012,37461.68,26412.4,26603.879,90477.95
12/29/2012,44217.72,29333.541,29795.37,103346.625
12/30/2012,41494.754,28349.031,26350.34,96194.125
12/31/2012,37553.54,26855.918,28625.98,93035.44
1/1/2013,27966.271,21610.191,16123.91,65700.375
1/2/2013,37675.6,22303.71,27981.809,87961.125
1/3/2013,38356.07,26270.2,31600.97,96227.24
1/4/2013,40228.242,23219.58,27449.6,90897.42
1/5/2013,48216.38,29318.012,38630.11,116164.5
1/6/2013,50318.8,34032.03,35725.32,120076.15
1/7/2013,38771.188,28431.45,24251.94,91454.58
1/8/2013,36861.82,21838.01,26516.9,85216.73
1/9/2013,32688.19,21064.879,28435.281,82188.35
1/10/2013,35795.64,23431.66,23064.84,82292.14
1/11/2013,39634.562,26765.291,31168.7,97568.55
1/12/2013,51139.51,35476.74,39830.15,126446.4
1/13/2013,50732.617,34540.883,28730.291,114003.79
1/14/2013,35358.4,23449.059,27362.66,86170.12
1/15/2013,34231.72,22769.9,30032.96,87034.58
1/16/2013,33737.56,22366.44,24344.27,80448.266
1/17/2013,34400.7,22236.34,24443.67,81080.71
1/18/2013,39481.35,25153.09,28735.791,93370.234
1/19/2013,51513.55,31594.469,37092.58,120200.59
1/20/2013,44076.188,31586.281,29193.09,104855.56
1/21/2013,40259.99,25705.549,21877.95,87843.484
1/22/2013,33061.45,21042.84,18669.36,72773.65
1/23/2013,31133.418,19995.34,20514.83,71643.586
1/24/2013,29331.44,20512.21,20119.45,69963.09
1/25/2013,38640.74,22426.82,23179.39,84246.95
1/26/2013,50747.75,30169.34,32790.65,113707.74
1/27/2013,50473.008,31225.11,26494.67,108192.79
1/28/2013,33662.52,23007.19,20378.861,77048.57
1/29/2013,31859.422,19287.379,18742.59,69889.39
1/30/2013,29247.86,19062.56,16419.41,64729.832
1/31/2013,33766.37,20700.13,20335.01,74801.51
2/1/2013,43525.21,29798.059,33487.49,106810.75
2/2/2013,61100.56,36154.72,42493.75,139749.03
2/3/2013,44413.9,34687.35,37147.758,116249.01
2/4/2013,35955.11,24554.53,21540.58,82050.22
2/5/2013,35724.09,25599.16,29022.111,90345.36
2/6/2013,34871.31,23698.64,31216.629,89786.58
2/7/2013,37048.797,27101.63,19759.23,83909.66
2/8/2013,41386.91,28256.29,30627.531,100270.734
2/9/2013,51709.89,36078.29,43511.65,131299.83
2/10/2013,49203.31,37506.562,36696.17,123406.05
2/11/2013,41408.3,27851.84,30035.828,99295.97
2/12/2013,37670.98,28487.93,32451.08,98609.984
2/13/2013,39697.77,31879.32,31264.66,102841.75
2/14/2013,30780.14,23483.5,26095.611,80359.25
2/15/2013,40086.562,29784.11,34976.15,104846.82
2/16/2013,49421.758,34751.48,38932.07,123105.305
2/17/2013,50237.42,38719.63,35906.79,124863.836
2/18/2013,43498,28684.059,23950.91,96132.97
2/19/2013,32816.5,24889.53,20094.85,77800.88
2/20/2013,35281.92,23563.55,23854.77,82700.24
2/21/2013,34643.48,24625.742,26418.27,85687.49
2/22/2013,40900.83,25960.61,22665.23,89526.67
2/23/2013,51585.71,32528.11,33796.89,117910.71
2/24/2013,53637.523,37290.42,32291.879,123219.83
2/25/2013,39531.277,25425.191,24090.13,89046.6
2/26/2013,33363.152,23949.299,19584.6,76897.055
2/27/2013,32795.062,23723.79,19779.83,76298.68
2/28/2013,35248.9,24182.941,25125.352,84557.19
3/1/2013,45965.4,30750.71,33262.33,109978.44
3/2/2013,58555.508,36141.227,43519.883,138216.62
3/3/2013,57622.43,37752.95,39863.96,135239.34
3/4/2013,41158.66,27869.95,29767.82,98796.43
3/5/2013,37056.92,26857.578,22413.75,86328.25
3/6/2013,34691.25,25460.77,27674.54,87826.56
3/7/2013,32575.639,25441,23664.79,81681.43
3/8/2013,40458.867,23735.191,30549.33,94743.39
3/9/2013,51412.812,34202.54,36884.18,122499.53
3/10/2013,54392.68,34509.73,33235.99,122138.39
3/11/2013,41107.312,30654.95,28719.92,100482.19
3/12/2013,36364.27,28950.379,28561.34,93875.984
3/13/2013,35468.42,28419.398,25038.91,88926.734
3/14/2013,35733.48,25213.58,28079.46,89026.52
3/15/2013,41921.547,30392.3,31243.01,103556.85
3/16/2013,52162.63,33563.83,36422.92,122149.375
3/17/2013,53194.547,35091.61,32787.6,121073.76
3/18/2013,39025.44,27693.57,21924.488,88643.5
3/19/2013,34184.31,25361.102,22780.01,82325.42
3/20/2013,36063.31,22867.51,22205.13,81135.95
3/21/2013,35353.598,24094.7,22321.691,81769.984
3/22/2013,41904.52,25966.32,25121.48,92992.33
3/23/2013,50290.56,32160.16,31606.2,114056.92
3/24/2013,52222.883,34708.53,30993.29,117924.7
3/25/2013,38611.64,24602.32,21435.602,84649.56
3/26/2013,35082.11,24027.61,22034.75,81144.47
3/27/2013,34910.86,22448.11,21549.41,78908.375
3/28/2013,35745.727,22997.53,22145.37,80888.625
3/29/2013,43325.36,30099.61,28933.14,102358.11
3/30/2013,55636.812,35155.75,34286.758,125079.32
3/31/2013,38002.39,31860.36,22105.25,91968
4/1/2013,40043.85,28402.129,24817.23,93263.22
4/2/2013,38693.87,23688.031,29069.668,91451.57
4/3/2013,39875.8,24318.922,30661.29,94856.016
4/4/2013,38580.46,24263.621,23074.23,85918.31
4/5/2013,42264.75,27961.62,29475.742,99702.11
4/6/2013,52802.54,34263.273,37389.273,124455.086
4/7/2013,57334.332,37453.4,32919.54,127707.27
4/8/2013,41807.25,26964.309,26620.24,95391.805
4/9/2013,40203.094,26823.96,24428.79,91455.84
4/10/2013,37866.742,23042.27,22391.41,83300.42
4/11/2013,37701.18,25038.73,25458.52,88198.43
4/12/2013,40723.97,26879.45,29566.14,97169.56
4/13/2013,51156.39,34206.203,34212.05,119574.64
4/14/2013,52435.36,34973.65,32938.32,120347.33
4/15/2013,39427.8,29939.82,24873.621,94241.25
4/16/2013,37194.63,24527.27,23213.201,84935.1
4/17/2013,35700.96,23103.89,19877.469,78682.32
4/18/2013,35332.3,21844.85,20790.27,77967.42
4/19/2013,41500.9,25762.809,22315.94,89579.64
4/20/2013,51271.43,31606.02,29064.71,111942.164
4/21/2013,55555.582,32799.12,25745.7,114100.41
4/22/2013,41535.09,24640.129,18806.76,84981.98
4/23/2013,36393.83,23550.328,16668.26,76612.414
4/24/2013,35617.29,22611.97,18949.23,77178.484
4/25/2013,34868.48,21203.4,19023.15,75095.03
4/26/2013,40610.08,26211.19,20436.17,87257.44
4/27/2013,49019.504,23882.29,25340.14,98241.94
4/28/2013,52181.33,35075.88,24364.09,111621.3
4/29/2013,37329.1,21977.41,18121.49,77428
4/30/2013,37529.18,22286.41,18055.11,77870.7
5/1/2013,39536.16,25106.488,21301.42,85944.07
5/2/2013,39265.47,22083.31,24288.67,85637.45
5/3/2013,45114.27,25878.61,28472.05,99464.92
5/4/2013,52895.113,29351.72,29051.389,111298.23
5/5/2013,54748.168,34702.69,31951.61,121402.47
5/6/2013,46896.2,27018.6,25719.371,99634.17
5/7/2013,40048.93,26371.73,20514.26,86934.914
5/8/2013,38473.49,25109.92,22869.29,86452.695
5/9/2013,39552.16,26573.42,25897.16,92022.734
5/10/2013,43630.12,23878.39,25653.18,93161.695
5/11/2013,54527.977,33554.39,33666.67,121749.04
5/12/2013,46582.8,30627.08,25936.05,103145.94
5/13/2013,42652.98,29566.75,23238.83,95458.56
5/14/2013,40312.29,26480.68,23989.182,90782.15
5/15/2013,39962.59,26547.39,27232.898,93742.88
5/16/2013,38811.242,25432.01,23657.64,87900.89
5/17/2013,41737.07,26777.77,25772.72,94287.56
5/18/2013,51146.02,34675.48,25800.701,111622.2
5/19/2013,57477.5,36243.25,25834.852,119555.6
5/20/2013,42924.742,26680.691,21376.56,90982
5/21/2013,38089.57,24478.93,20473.73,83042.234
5/22/2013,36623.15,24383.51,18998.54,80005.195
5/23/2013,38651.68,22859.66,21853.58,83364.92
5/24/2013,44434.93,27614.379,23671.27,95720.58
5/25/2013,48367.83,32042.36,26222.121,106632.31
5/26/2013,45369.59,31792.121,21686.691,98848.41
5/27/2013,49824.89,29821.46,21891.84,101538.19
5/28/2013,39989.05,22999.46,18408.02,81396.53
5/29/2013,35495.89,20848.17,18319.83,74663.89
5/30/2013,35361.87,23220.98,18603.76,77186.61
5/31/2013,44971.33,26052.299,27455.61,98479.234
6/1/2013,55834.89,37530.61,29530.6,122896.1
6/2/2013,60665.453,34955.91,34718.89,130340.25
6/3/2013,47323.562,30734.84,29908.43,107966.836
6/4/2013,42353.434,25588.088,23462.47,91403.99
6/5/2013,41921.68,28349.32,24975.31,95246.31
6/6/2013,37861.32,27081.23,25460.02,90402.57
6/7/2013,46683.51,30119.46,24813.93,101616.9
6/8/2013,55563.3,33582.008,30721.82,119867.13
6/9/2013,61829.77,35939.75,33455.37,131224.89
6/10/2013,47971.473,28687.76,22920.18,99579.414
6/11/2013,41716.82,27564.48,24616.16,93897.45
6/12/2013,39362.832,27154.96,25697.74,92215.54
6/13/2013,40747.723,27735.09,22377.07,90859.88
6/14/2013,46082.57,30587.629,29336.75,106006.95
6/15/2013,54141.59,36179.906,35010.47,125331.97
6/16/2013,48084.96,33895.523,24506.25,106486.734
6/17/2013,42293.65,27574.73,21963.82,91832.195
6/18/2013,39553.96,24989.16,20739.01,85282.13
6/19/2013,38827.22,25284.11,20206.67,84318
6/20/2013,39988,24649.258,21299.66,85936.92
6/21/2013,45019.98,28098.799,24987.98,98106.766
6/22/2013,51126.11,33696.66,27423.281,112246.05
6/23/2013,55892.04,34937.85,25847.912,116677.805
6/24/2013,43285.062,27530.48,21370.76,92186.305
6/25/2013,40066.617,24455.549,20299.61,84821.77
6/26/2013,38337.13,23913.879,19693.71,81944.72
6/27/2013,39584.28,23495.46,20207.871,83287.61
6/28/2013,46693.89,26531.41,23147.47,96372.766
6/29/2013,56909.727,32936.53,27549.95,117396.2
6/30/2013,57110.22,35729.35,26265.451,119105.02
7/1/2013,48306.93,29781.78,23242.549,101331.26
7/2/2013,47337.44,25798.07,25552.7,98688.22
7/3/2013,53910.95,30648.7,32022.648,116582.3
7/4/2013,45644.977,29297.55,20858.531,95801.06
7/5/2013,49534.207,30383.371,28655.14,108572.72
7/6/2013,49056.85,33943.758,28763.32,111763.93
7/7/2013,58182.98,36284.492,28110.508,122577.98
7/8/2013,46274.67,27042.57,28051.781,101369.02
7/9/2013,43777.688,27966.15,27334.799,99078.63
7/10/2013,44691.84,24748.58,23892.82,93333.24
7/11/2013,42000.05,29082.59,26342.62,97425.26
7/12/2013,46638.58,32228.31,30610.07,109476.96
7/13/2013,53955.57,37910.023,30678.1,122543.695
7/14/2013,57261.41,36235.64,33021.03,126518.08
7/15/2013,43963.47,29995.871,28492.531,102451.875
7/16/2013,40051.05,24936.8,25174.95,90162.8
7/17/2013,40489.586,25464.13,22667.15,88620.87
7/18/2013,40945.18,26734.05,23864.95,91544.19
7/19/2013,45720.75,26946.172,26952.3,99619.22
7/20/2013,54523.99,31936.812,26670.26,113131.055
7/21/2013,57007.7,34681.31,24117.85,115806.86
7/22/2013,41686.59,25883.7,20829.98,88400.266
7/23/2013,39814.86,25242.42,19487.559,84544.84
7/24/2013,39010.023,25499.28,19771.852,84281.16
7/25/2013,40771.26,24601.88,19808.219,85181.36
7/26/2013,44823.777,28791.05,25399.432,99014.26
7/27/2013,53256.8,31884.21,26668.762,111809.78
7/28/2013,53020.88,33196.61,23731.36,109948.84
7/29/2013,42266.8,25421.97,17696.01,85384.78
7/30/2013,38628.93,22740.111,18750.281,80119.32
7/31/2013,40384.34,22797.08,21593.4,84774.82
8/1/2013,45956.027,29975.941,23903.27,99835.234
8/2/2013,48641.03,31421.781,31395.04,111457.85
8/3/2013,57698.87,35619.062,33527.65,126845.586
8/4/2013,57881.07,36434.14,28177.291,122492.5
8/5/2013,47863.21,29988.129,27770.348,105621.69
8/6/2013,42028.5,28919.78,27029.92,97978.2
8/7/2013,43207.88,27751.031,21318.72,92277.625
8/8/2013,42652.613,25855.621,25285.32,93793.555
8/9/2013,47924.7,31984.281,28772.379,108681.36
8/10/2013,56360.266,34306.6,28522.48,119189.34
8/11/2013,57184.76,39697.31,30763.07,127645.14
8/12/2013,46153.62,29846.39,28240.82,104240.836
8/13/2013,41537.96,29345.883,22598.93,93482.77
8/14/2013,40366.21,24121.21,25895.03,90382.45
8/15/2013,42128.1,29466.7,28952.91,100547.7
8/16/2013,46854,25347.17,29259.93,101461.1
8/17/2013,58167.49,34452.14,28359.41,120979.03
8/18/2013,58632.73,35248.156,27663.77,121544.66
8/19/2013,45134.293,26171.19,22191.46,93496.945
8/20/2013,40538.25,23320.02,20429.63,84287.9
8/21/2013,40333.08,23920.172,21213.4,85466.65
8/22/2013,40151.21,25004.12,20915.93,86071.26
8/23/2013,44073.12,27913.01,23495.91,95482.05
8/24/2013,55674.785,34632.31,26370.47,116677.56
8/25/2013,62733.723,38059.793,27983.93,128777.445
8/26/2013,42902.418,26341.531,23253.91,92497.86
8/27/2013,39675.023,24141.75,22888.58,86705.35
8/28/2013,38819.42,24424.098,22045.121,85288.64
8/29/2013,38956.71,22278.629,21406.92,82642.26
8/30/2013,49189.312,28584.45,30108.898,107882.664
8/31/2013,59082.57,35700.47,31125.98,125909.016
9/1/2013,54853.117,36392.78,26276.059,117521.95
9/2/2013,58763.133,34011.6,32336.281,125111.016
9/3/2013,44313.42,27150.52,27290.05,98753.984
9/4/2013,41000.363,24533.46,23475.86,89009.69
9/5/2013,41073.03,26318.79,24981.049,92372.87
9/6/2013,45501.555,28003.602,27958.28,101463.44
9/7/2013,58294.152,37412.5,30087.629,125794.28
9/8/2013,64595.71,38326.59,34041.48,136963.78
9/9/2013,47448.85,29531.57,28543.441,105523.86
9/10/2013,44144.223,23999.25,23216.691,91360.16
9/11/2013,41955.1,26364.941,26707.58,95027.625
9/12/2013,40333.35,27680.688,28437.73,96451.766
9/13/2013,45896.43,31202.56,28749.27,105848.266
9/14/2013,56008.62,37486.09,36857.332,130352.05
9/15/2013,62669.09,40437.6,36847.992,139954.69
9/16/2013,45542.71,27927.719,25390.59,98861.016
9/17/2013,41506.7,24641.55,22216.18,88364.43
9/18/2013,39476.66,24278.2,20848.06,84602.92
9/19/2013,38315.9,23372.25,19622.72,81310.87
9/20/2013,47085.71,24161.7,25553.42,96800.83
9/21/2013,57047.71,36081.95,28872.652,122002.31
9/22/2013,60236.977,35363.15,27676.271,123276.4
9/23/2013,42719.19,24940.41,20859.889,88519.49
9/24/2013,39169.52,23292.46,18575.66,81037.64
9/25/2013,36353.773,22836.22,20161.871,79351.86
9/26/2013,37916.4,22554.57,21033.19,81504.16
9/27/2013,42526.824,26201.352,25273.828,94002
9/28/2013,54834.996,33550.89,29948.09,118333.984
9/29/2013,57575.57,33710.582,27918.82,119204.98
9/30/2013,42598.36,25094.58,21781.9,89474.836
10/1/2013,43015.723,29889.32,25330.93,98235.98
10/2/2013,40242.527,24036.95,25368.73,89648.2
10/3/2013,41648.86,28691.02,29932.559,100272.44
10/4/2013,47569.21,26892.29,27404.13,101865.63
10/5/2013,60418.934,36076.98,36366.82,132862.73
10/6/2013,63113.25,41144.82,35438.27,139696.34
10/7/2013,49377.57,29813.11,24952.79,104143.47
10/8/2013,44828.57,25395.65,25967.592,96191.81
10/9/2013,43091.668,26611.648,27932.852,97636.164
10/10/2013,44731.277,24974.959,24089.45,93795.69
10/11/2013,45970.156,29096.709,30271.9,105338.766
10/12/2013,56036.188,34581.03,38743.71,129360.93
10/13/2013,59937.09,40259.38,31748.621,131945.1
10/14/2013,45984.953,30010.938,27607.45,103603.34
10/15/2013,39474.777,27044.84,27040.41,93560.03
10/16/2013,40205.28,24448.68,24653.9,89307.86
10/17/2013,39537.188,23174.84,21554.5,84266.53
10/18/2013,44853.54,25290.19,24939.48,95083.2
10/19/2013,55768.355,33547.33,29573.82,118889.51
10/20/2013,60718.09,34313.42,28729.102,123760.62
10/21/2013,43869.04,26600.76,20984.05,91453.84
10/22/2013,39054.99,23286.69,19622.58,81964.26
10/23/2013,38045.95,23059.979,21258.64,82364.57
10/24/2013,38302.633,22875.71,21249.35,82427.695
10/25/2013,42593.86,25741.91,25844.96,94180.73
10/26/2013,54471.242,32536.45,31975.99,118983.68
10/27/2013,56359.547,35091.66,24681.06,116132.266
10/28/2013,43456.65,25653.8,20266.129,89376.58
10/29/2013,39565.133,22234.078,19969.82,81769.03
10/30/2013,43999.113,23234.379,18572.86,85806.35
10/31/2013,33713.71,20338.15,20248.6,74300.46
11/1/2013,46414.82,31590,30709.46,108714.28
11/2/2013,58365.01,33755.727,36872.44,128993.17
11/3/2013,61926.47,35924.95,35423.53,133274.95
11/4/2013,44734.57,24798.922,22896.02,92429.516
11/5/2013,41118.18,26714.062,25204.658,93036.9
11/6/2013,39942.188,25905.969,24896.44,90744.59
11/7/2013,39671.438,25302.352,22479.82,87453.61
11/8/2013,42650.906,24924.469,28425.6,96000.98
11/9/2013,55807.67,33382.008,36642.67,125832.35
11/10/2013,58391.004,33891.008,31008.56,123290.58
11/11/2013,47677.55,27992.46,24570.84,100240.86
11/12/2013,36805.1,25981.29,25175.6,87961.99
11/13/2013,36315.08,23465.451,21624.66,81405.19
11/14/2013,35562.82,21372.51,23090.459,80025.79
11/15/2013,41934.4,27070.371,28672.781,97677.55
11/16/2013,56924.11,33418.73,33415.43,123758.27
11/17/2013,58230.418,35306.45,27991.26,121528.125
11/18/2013,41413.78,24798.11,23447.76,89659.65
11/19/2013,35720.723,22118.47,20959.209,78798.41
11/20/2013,34848.21,22622.121,20749.59,78219.92
11/21/2013,35268.87,22381.041,20962.97,78612.88
11/22/2013,41075.52,24984.27,25352.34,91412.125
11/23/2013,54605.64,30063.93,29872.46,114542.03
11/24/2013,54778.35,31281.82,25774.42,111834.59
11/25/2013,40570.344,20446.59,20218.441,81235.375
11/26/2013,41219.8,25034.48,21683.51,87937.79
11/27/2013,42506.242,29261.688,25746.36,97514.29
11/28/2013,23077.58,18246.791,12313,53637.37
11/29/2013,32122.85,21219.441,21848.52,75190.81
11/30/2013,41164.06,25014.44,25218.691,91397.19
12/1/2013,50938.023,31468.06,26550.16,108956.25
12/2/2013,44845.3,25307.58,27411.93,97564.81
12/3/2013,43801.156,27704.79,29154.09,100660.03
12/4/2013,38159.312,22941.21,22845.63,83946.16
12/5/2013,40518.883,24927.559,28006.129,93452.57
12/6/2013,44331.65,25879.63,29259.55,99470.83
12/7/2013,55014.6,32027.94,32164.422,119206.96
12/8/2013,55598.42,32173.23,27375.61,115147.266
12/9/2013,42663.43,24903.08,26323.15,93889.66
12/10/2013,40978.89,23284.1,21946.24,86209.234
12/11/2013,37463.73,24288.27,25386.2,87138.2
12/12/2013,35402.52,24559.16,27520.82,87482.5
12/13/2013,41924.723,26648.39,30949.51,99522.62
12/14/2013,52448.61,32552.578,32283.57,117284.76
12/15/2013,54363.754,36197.72,33925.86,124487.33
12/16/2013,42295.8,26674.96,22810.13,91780.9
12/17/2013,38342.54,24549.02,22693.16,85584.72
12/18/2013,38738.77,26315.79,23597.35,88651.91
12/19/2013,39027.438,28484.76,24704.89,92217.086
12/20/2013,40164.81,25865.96,25304.709,91335.48
12/21/2013,51977.85,28287.88,35464.688,115730.42
12/22/2013,51282.055,30031.73,18405.43,99719.21
12/23/2013,44926.15,26948.9,26151.469,98026.516
12/24/2013,35265.9,24646.729,24411.81,84324.44
12/25/2013,11.5,20.24,2.58,34.32
12/26/2013,43068.934,26764.512,22233.3,92066.75
12/27/2013,42536.438,25441.328,24693.049,92670.81
12/28/2013,45931.25,29317.281,27818.549,103067.08
12/29/2013,44877.8,27513.451,22731.42,95122.67
12/30/2013,41952.418,24556.35,21387.441,87896.2
12/31/2013,40498.492,26063.66,26316.441,92878.59
1/1/2014,30432.66,21318.78,13944.05,65695.484
1/2/2014,42140.65,24409.83,26300.201,92850.68
1/3/2014,45830.754,28195.07,34744.5,108770.33
1/4/2014,51856.297,31310.229,40582.523,123749.05
1/5/2014,56680.953,34775.66,33410.42,124867.03
1/6/2014,44513.58,27177.84,17637.49,89328.914
1/7/2014,40395.902,25395.55,19135.67,84927.125
1/8/2014,39889.6,24861.75,27494.09,92245.44
1/9/2014,38552.45,25486.041,28809.488,92847.984
1/10/2014,42794.062,24201.19,24502.45,91497.7
1/11/2014,58032.05,34865.56,37830.62,130728.234
1/12/2014,54081.16,36523.26,37221.05,127825.47
1/13/2014,40372.43,27339.418,23969.19,91681.03
1/14/2014,35119.918,22549.25,24320.13,81989.3
1/15/2014,37482.72,24323.922,25984.95,87791.59
1/16/2014,37060.87,21950.56,24692.04,83703.47
1/17/2014,43643.84,23616.14,27921.32,95181.305
1/18/2014,56079.89,29125.219,34315.14,119520.25
1/19/2014,51332.312,31817.578,30571.21,113721.1
1/20/2014,45008.35,26004.91,22774.89,93788.16
1/21/2014,36707.56,20546.54,20235.68,77489.78
1/22/2014,38101.22,20817.67,19464.719,78383.61
1/23/2014,34828.87,19762.34,18589.12,73180.33
1/24/2014,41179.145,21272.8,24090.05,86542
1/25/2014,53056.75,28947.73,31923.57,113928.055
1/26/2014,55580.23,29986.121,26248.24,111814.59
1/27/2014,38762.18,26219.74,17385.15,82367.07
1/28/2014,35077.32,15004.811,16288.56,66370.695
1/29/2014,32204.66,18581.27,19714.11,70500.04
1/30/2014,34065.39,19625.16,20605.041,74295.59
1/31/2014,42126.96,25181.82,32130.54,99439.32
2/1/2014,59070.89,33843.54,32742.941,125657.375
2/2/2014,54740.48,30624.41,35261.62,120626.516
2/3/2014,46046.77,26403.4,30732.062,103182.234
2/4/2014,39892.777,20777.95,23078.41,83749.14
2/5/2014,39078.133,23000.51,23253.5,85332.14
2/6/2014,39319.94,22518.451,26531.72,88370.11
2/7/2014,41622.49,25867.531,26795.02,94285.03
2/8/2014,63358.08,33009.28,37474.38,133841.73
2/9/2014,62030.797,38400.64,37150.242,137581.69
2/10/2014,44788.54,24697.15,24075.95,93561.64
2/11/2014,40063.13,25683.121,26914.559,92660.81
2/12/2014,40876.89,31197.031,31917.8,103991.72
2/13/2014,43831.68,33162,29208.46,106202.14
2/14/2014,39132,27400.87,29928.582,96461.45
2/15/2014,52057.98,35897.14,39872.79,127827.914
2/16/2014,53260.25,36538.11,36458.773,126257.13
2/17/2014,46436.31,31853.26,19486.201,97775.77
2/18/2014,37679.18,24874.29,25265.04,87818.51
2/19/2014,35998.01,23264.53,25760.26,85022.8
2/20/2014,37930.58,23942.6,22806.02,84679.2
2/21/2014,40460.78,26677.328,27235.52,94373.625
2/22/2014,52018.758,31763.7,35859.11,119641.56
2/23/2014,56994.39,38390.53,33518.03,128902.95
2/24/2014,41296.16,26424.63,24168.262,91889.05
2/25/2014,38424.24,24325.24,22401.96,85151.44
2/26/2014,33951.89,20879.26,21970.56,76801.71
2/27/2014,37798.473,24221.71,22206.56,84226.74
2/28/2014,39651.04,27645.96,30835.07,98132.07
3/1/2014,63133.39,35373.258,34492.31,132998.95
3/2/2014,60937.89,34590.2,38403.883,133931.97
3/3/2014,44426.6,28639.68,32138.74,105205.02
3/4/2014,39415.098,21672.61,24462.85,85550.555
3/5/2014,36555.4,25758.629,26562.99,88877.016
3/6/2014,37086.49,27387.74,27791.312,92265.54
3/7/2014,42730.77,27086.42,27815.81,97633
3/8/2014,52687.7,33346.582,37636.85,123671.13
3/9/2014,64875.688,40950.64,38423.02,144249.34
3/10/2014,48505.84,30669.65,28294.35,107469.84
3/11/2014,40842.81,28961.861,28939.992,98744.664
3/12/2014,40717.15,29466.03,29216.969,99400.15
3/13/2014,39376.55,29196.96,25342.14,93915.66
3/14/2014,44487.043,28573.96,32863.08,105924.08
3/15/2014,56106.81,34180.54,38697.1,128984.445
3/16/2014,60001.938,38853.1,34567.082,133422.12
3/17/2014,43207.32,28081.46,23038.5,94327.28
3/18/2014,38796.12,25041.598,22527.57,86365.29
3/19/2014,38145.36,25070.25,21617.05,84832.66
3/20/2014,37484.3,23416.21,20927.59,81828.1
3/21/2014,43202.02,26496.84,24906.87,94605.73
3/22/2014,54776.797,30622.2,32097.91,117496.91
3/23/2014,60780.703,35167.63,31981.23,127929.56
3/24/2014,43048.39,27186.398,21829.281,92064.07
3/25/2014,38481.61,23869.23,19302.309,81653.15
3/26/2014,37538.87,17640.43,21845.4,77024.7
3/27/2014,38680.52,27573.39,21260.27,87514.17
3/28/2014,43299.297,24157.59,26459.19,93916.08
3/29/2014,53544.94,30827.71,33277.844,117650.5
3/30/2014,60682.28,34564.418,28976.531,124223.234
3/31/2014,40464.992,27467.96,20977.6,88910.555
4/1/2014,42132.03,29427.219,24729.35,96288.6
4/2/2014,42863.992,24827.031,27645.65,95336.67
4/3/2014,43517.816,26762.27,30052.76,100332.84
4/4/2014,45355.652,27635.45,26737.95,99729.05
4/5/2014,59144.06,34845.81,36025.26,130015.125
4/6/2014,64042.562,38737,36193.36,138972.92
4/7/2014,47772.2,30291.348,24107.422,102170.97
4/8/2014,44827.59,25394.223,27113.342,97335.16
4/9/2014,44096.12,26320.09,26390.99,96807.2
4/10/2014,43401.477,25040.24,22739.22,91180.94
4/11/2014,46060,29340.969,29917.041,105318.01
4/12/2014,54815.04,36329.45,38590.98,129735.47
4/13/2014,59813.47,42019.61,31808.559,133641.64
4/14/2014,43806.496,26929.69,30053.3,100789.484
4/15/2014,41639.78,31700.281,29746.33,103086.39
4/16/2014,43643.47,28178.75,25760.441,97582.66
4/17/2014,42477.184,26259.04,24405.64,93141.86
4/18/2014,49225.1,32853.72,28198.898,110277.72
4/19/2014,62683.582,37203.73,33588.41,133475.72
4/20/2014,53378.3,35625.44,21284.74,110288.484
4/21/2014,42342.22,26870.521,21729.28,90942.02
4/22/2014,40789.02,26433.21,21096.781,88319.016
4/23/2014,39490.633,24989.75,21408.55,85888.94
4/24/2014,41359.19,25341.8,21348.379,88049.375
4/25/2014,43163.562,28199.17,24812.129,96174.86
4/26/2014,57134.043,33712.93,31879.54,122726.51
4/27/2014,61539.7,35199.93,29996.26,126735.88
4/28/2014,41743.43,27702.01,19916.68,89362.12
4/29/2014,39016.78,24136.469,20691.43,83844.68
4/30/2014,38412.32,24314.53,21142.14,83868.99
5/1/2014,44151.93,28076.23,24773.44,97001.59
5/2/2014,49479.54,28313.75,32245.18,110038.47
5/3/2014,58574.664,35886.05,36669.79,131130.5
5/4/2014,62781.51,36659.7,33361.73,132802.94
5/5/2014,48059.395,29291.36,26515.64,103866.39
5/6/2014,43540.742,27164.38,25566.73,96271.86
5/7/2014,41671.7,27793.16,22914.23,92379.09
5/8/2014,40618.18,24341.621,26049.121,91008.92
5/9/2014,46747.05,27657.172,30698.11,105102.33
5/10/2014,55873.81,33264.06,34126.55,123264.42
5/11/2014,49404.63,33696.473,26747.57,109848.67
5/12/2014,47510.617,29369.95,29708.209,106588.77
5/13/2014,42717.438,27342.81,26434.61,96494.86
5/14/2014,40211.27,24438.879,28293.879,92944.03
5/15/2014,41502.727,27555.242,28972.748,98030.72
5/16/2014,45268.39,27599.74,28052.83,100920.96
5/17/2014,53471.008,31789.93,32590.05,117850.984
5/18/2014,59103.93,35963.42,30388.18,125455.53
5/19/2014,44287.438,27878.85,22617.762,94784.05
5/20/2014,39994.023,25179.57,21406.83,86580.42
5/21/2014,38759.1,24889.86,21217.871,84866.83
5/22/2014,40056.79,24867.031,23351.79,88275.61
5/23/2014,44263.562,27185.18,26206.79,97655.53
5/24/2014,49643.54,32413.898,27780.988,109838.42
5/25/2014,48558.57,32374.02,24243.91,105176.5
5/26/2014,50698.887,27759,22537.76,100995.65
5/27/2014,41316.31,22943.91,20211.73,84471.95
5/28/2014,36753.63,24349.75,20778.07,81881.45
5/29/2014,36792.46,23229.209,19943.26,79964.93
5/30/2014,43862.7,27706.223,26770.3,98339.22
5/31/2014,53697.258,32608.13,30808.61,117114
6/1/2014,61538.77,37977.73,30157.35,129673.85
6/2/2014,48159.38,29193.719,29123.031,106476.125
6/3/2014,45408.73,30217.828,32610.84,108237.41
6/4/2014,44149.906,25969.77,24849,94968.67
6/5/2014,44186.07,28794.11,27286.96,100267.14
6/6/2014,46481.414,28933.54,30101.36,105516.31
6/7/2014,56524.633,39408.09,31520.64,127453.36
6/8/2014,57872.902,36281.46,34417.45,128571.81
6/9/2014,49482.05,29570.08,30384.54,109436.67
6/10/2014,44751.39,26519.39,24547.238,95818.016
6/11/2014,42766.227,28780.02,25817.33,97363.58
6/12/2014,41622.777,27920.33,28040.771,97583.88
6/13/2014,46844.496,31877.85,29031.08,107753.42
6/14/2014,56732.74,35924.98,33707.35,126365.07
6/15/2014,51757.73,35622.05,32365.27,119745.05
6/16/2014,44882.082,30147.43,26177.791,101207.305
6/17/2014,41729.98,26492.762,25496.371,93719.11
6/18/2014,41603.656,25032.29,22745.86,89381.805
6/19/2014,42640.8,26863.121,24284.299,93788.22
6/20/2014,47907.33,29783.45,27405.11,105095.89
6/21/2014,54151.19,34492.77,29971.379,118615.34
6/22/2014,58634.21,34981,28601.73,122216.94
6/23/2014,44313.78,25632.43,23706.73,93652.94
6/24/2014,40754.863,23356.16,20715.602,84826.625
6/25/2014,39066.66,23519.82,20788.18,83374.66
6/26/2014,38894.56,23527.21,20513.22,82934.99
6/27/2014,43230.57,27183.06,24605.73,95019.36
6/28/2014,53611.13,30393.629,28283,112287.76
6/29/2014,54778.188,32372.17,26948.379,114098.734
6/30/2014,44605.89,27437.602,22332.111,94375.6
7/1/2014,47894.73,31019.332,27418.16,106332.22
7/2/2014,46840.68,26669.98,31706.88,105217.54
7/3/2014,56983.03,36245.473,36873.062,130101.56
7/4/2014,47345.168,33084.492,26058.51,106488.164
7/5/2014,50305.47,32023.871,31024.94,113354.28
7/6/2014,58891.66,34739.75,32667.459,126298.87
7/7/2014,49464.76,31811.1,24932.98,106208.84
7/8/2014,46879.89,26763.75,29604.889,103248.53
7/9/2014,45643.734,30321.512,30218.121,106183.375
7/10/2014,47459.78,27527.61,25325.38,100312.77
7/11/2014,49803.56,32205.121,32096.52,114105.2
7/12/2014,57112.688,39104.67,37112.59,133329.95
7/13/2014,57839.938,37230.9,29869,124939.836
7/14/2014,45044.68,28939.889,27486.97,101471.54
7/15/2014,43252.383,28956.219,27544.879,99753.484
7/16/2014,42111.5,26646.43,24262.102,93020.03
7/17/2014,40624.01,26245.04,24268.488,91137.53
7/18/2014,46275.023,28039.18,26453.129,100767.33
7/19/2014,54171.6,34835.61,29882.402,118889.61
7/20/2014,57309.32,34572.61,29054.42,120936.35
7/21/2014,44725.64,26927.172,22429.34,94082.16
7/22/2014,40068.45,25141.988,21788.398,86998.836
7/23/2014,40692.69,24696.77,20588.14,85977.6
7/24/2014,40392.24,23446.41,20414.87,84253.516
7/25/2014,42611.363,27047.07,23449.629,93108.06
7/26/2014,51366.28,30985.031,27258.31,109609.625
7/27/2014,57197.74,34928.797,26623.918,118750.45
7/28/2014,45490.15,26764.621,21332.15,93586.914
7/29/2014,40277.67,24393.65,21065.42,85736.74
7/30/2014,39251.88,24866.172,21198.1,85316.15
7/31/2014,41271.543,25438.299,23097.568,89807.414
8/1/2014,51907.562,37095.68,32286.79,121290.03
8/2/2014,57734.61,36338.17,37381.36,131454.14
8/3/2014,60995.906,35437.07,35484.46,131917.44
8/4/2014,47865.223,27460.281,24704.41,100029.91
8/5/2014,45299.17,26769.26,26841.367,98909.8
8/6/2014,43794.082,25958.871,26164.63,95917.586
8/7/2014,43946.168,27074.8,23381.191,94402.16
8/8/2014,48124.29,29020.139,28032.74,105177.17
8/9/2014,57747.19,33150.4,33275.32,124172.914
8/10/2014,59613.176,32799.47,28990.828,121403.47
8/11/2014,44683.1,28179.02,27231.451,100093.58
8/12/2014,43236.61,27084.27,28841.85,99162.73
8/13/2014,43296.332,28058.72,24430.38,95785.44
8/14/2014,40870.92,26666.191,27543.348,95080.45
8/15/2014,44800.832,30196.871,31073.27,106070.97
8/16/2014,56759.35,35244.29,32099.32,124102.96
8/17/2014,63199.594,37302.46,31946.11,132448.16
8/18/2014,48195.418,28437.95,24247.05,100880.42
8/19/2014,42129.15,25671.09,22513.16,90313.39
8/20/2014,41470.895,25475.98,23655.98,90602.86
8/21/2014,41483.36,26697.93,23413.768,91595.055
8/22/2014,47494.97,30716.2,26317.512,104528.69
8/23/2014,59293.25,36093.64,31232.371,126619.266
8/24/2014,64974.73,40399.2,31272.959,136646.89
8/25/2014,45023.367,30197.14,24977.93,100198.44
8/26/2014,40826.133,26316.18,23083.8,90226.11
8/27/2014,38701.61,23395.531,22179.77,84276.91
8/28/2014,39310.473,24233.79,22958.65,86502.914
8/29/2014,46030.11,27603.04,34413.86,108047.01
8/30/2014,55058.93,34726.75,34239.79,124025.47
8/31/2014,52784.824,31213.95,29718.852,113717.625
9/1/2014,57847.26,36252.98,32227.879,126328.125
9/2/2014,44600.55,24742.39,28239.361,97582.3
9/3/2014,45186.082,28618.121,31395.012,105199.22
9/4/2014,42124.848,23965.59,24501.59,90592.03
9/5/2014,45305.43,26366.21,30359.91,102031.55
9/6/2014,57545.53,36217.09,36983.688,130746.31
9/7/2014,65029.66,36078.28,33405.68,134513.62
9/8/2014,45712.734,29494.96,27365.54,102573.234
9/9/2014,42556.65,26982.291,28064.42,97603.36
9/10/2014,43316.8,25481.8,24151.488,92950.09
9/11/2014,43438.305,28896.2,28508.64,100843.14
9/12/2014,48840.02,29135.91,32903.66,110879.59
9/13/2014,60548.68,40358.58,38582.38,139489.64
9/14/2014,60849.25,38202.39,36211.48,135263.12
9/15/2014,46148.17,30111.488,30540.3,106799.95
9/16/2014,41349.67,24440.07,24219.508,90009.25
9/17/2014,41976.42,24200.42,21748.71,87925.555
9/18/2014,41340.67,21828.04,23298.42,86467.13
9/19/2014,46353.08,29792.719,26738.36,102884.16
9/20/2014,58745.98,34965.63,32459.56,126171.17
9/21/2014,62982.812,37131.13,30761.191,130875.125
9/22/2014,45018.9,26067.61,22353.68,93440.19
9/23/2014,41409.402,24175.52,20081.21,85666.13
9/24/2014,39691.79,24004.379,20959.28,84655.445
9/25/2014,40024.91,23244.11,22423.371,85692.39
9/26/2014,44581.754,25988.719,27115.28,97685.75
9/27/2014,55474.312,32082.26,31762.75,119319.32
9/28/2014,60161.28,34945.918,31731.65,126838.85
9/29/2014,45472.52,25536.09,22046.61,93055.22
9/30/2014,41758.11,23531.39,23905.14,89194.64
10/1/2014,44955.55,29548.41,29351.979,103855.94
10/2/2014,45698.816,27158.422,28313.871,101171.11
10/3/2014,52061.22,33036.383,37376.01,122473.61
10/4/2014,64793.348,36979.68,38903.84,140676.88
10/5/2014,67850.6,40161.07,39653.92,147665.6
10/6/2014,52162.68,29663.848,30660.771,112487.305
10/7/2014,45564.664,30088.13,24694.68,100347.48
10/8/2014,44177.23,26404.41,28570.81,99152.45
10/9/2014,43415.992,28089.55,29520.121,101025.67
10/10/2014,46956.953,28116.34,30106.79,105180.086
10/11/2014,57960.273,37743.938,40252.383,135956.6
10/12/2014,62873.39,40565.37,42092.758,145531.53
10/13/2014,47200.227,31720.11,24772.23,103692.56
10/14/2014,40806.707,27101.96,31339.58,99248.25
10/15/2014,41346.71,29591.93,32407.19,103345.83
10/16/2014,39617.46,25786.49,27271.709,92675.664
10/17/2014,46538.03,27873.04,28654.18,103065.25
10/18/2014,60262.812,35638.53,36894.617,132795.97
10/19/2014,64394.68,37430.08,32910.4,134735.16
10/20/2014,47309.3,28951.219,23732.55,99993.06
10/21/2014,41596.66,24999.352,23415.62,90011.63
10/22/2014,38447.66,24584.75,22444.209,85476.62
10/23/2014,39537.43,24543.07,23178.5,87259
10/24/2014,44066.86,26541.57,28702.31,99310.74
10/25/2014,57754.133,31857.91,34042.95,123655
10/26/2014,58981.72,36891.79,30371.629,126245.14
10/27/2014,46419.22,26289.781,22824.92,95533.92
10/28/2014,38767.64,24336.01,22249.99,85353.64
10/29/2014,38951.1,23252.719,21308.52,83512.34
10/30/2014,42622.812,25780.32,23151.771,91554.91
10/31/2014,40639.37,27982.57,30650.53,99272.47
11/1/2014,64496.75,36237.77,36466.96,137201.47
11/2/2014,67414.86,36345.5,40502.38,144262.73
11/3/2014,51722.66,31383.39,34567.42,117673.47
11/4/2014,43794.312,25799.379,27664.04,97257.73
11/5/2014,42025.08,23836.19,27974.791,93836.055
11/6/2014,43518.95,27871.57,30819.94,102210.45
11/7/2014,46386.08,30507.7,29023.06,105916.84
11/8/2014,60752.344,34231.32,42301.562,137285.22
11/9/2014,63625.734,39652.203,41571.81,144849.75
11/10/2014,49524.406,29079.66,25879.95,104484.016
11/11/2014,44779.88,26252.168,27051.07,98083.12
11/12/2014,37246.68,24776.29,28471.96,90494.93
11/13/2014,36358.45,26267.602,24345.121,86971.17
11/14/2014,42933.82,27502.39,32291.44,102727.65
11/15/2014,56482.246,36189.58,42106.39,134778.22
11/16/2014,62020.652,38553.938,36071.53,136646.12
11/17/2014,44875.38,28154.75,26408.621,99438.75
11/18/2014,39351.35,25358.25,22619.451,87329.055
11/19/2014,37892.98,24862.48,23295,86050.46
11/20/2014,36791.758,24512.61,24417.541,85721.91
11/21/2014,44973.48,25829.16,29615.4,100418.04
11/22/2014,60520.78,35012.03,34452.42,129985.234
11/23/2014,58979.72,35578.438,31172.531,125730.69
11/24/2014,45806.59,28208.11,22119.46,96134.164
11/25/2014,44841.43,26484.23,24180.969,95506.625
11/26/2014,47426.28,31579.469,29907.24,108912.99
11/27/2014,25818.23,21498.47,14909.75,62226.453
11/28/2014,36197.36,22830.65,21012.22,80040.23
11/29/2014,47029.68,27982.6,29660.21,104672.49
11/30/2014,51143.5,31702.3,27252.09,110097.89
12/1/2014,48463.53,29069.777,26912.031,104445.34
12/2/2014,39640.18,25455.2,28549.371,93644.75
12/3/2014,39814.17,27490.32,32878.098,100182.59
12/4/2014,47347.418,22769.98,27681.82,97799.22
12/5/2014,49134.69,29454.74,35779.96,114369.39
12/6/2014,59216.24,36211.297,38769.3,134196.83
12/7/2014,61827.43,38113.152,35101.46,135042.03
12/8/2014,45500.55,27874.55,28687.15,102062.25
12/9/2014,44098.312,26355.781,27803.44,98257.53
12/10/2014,48666.71,24529.078,24842.01,98037.8
12/11/2014,27035,25435.74,27675.39,80146.13
12/12/2014,42565.188,28459.11,32582.17,103606.47
12/13/2014,55259.86,34433.68,35520.26,125213.8
12/14/2014,59139.92,38433.94,37537.07,135110.94
12/15/2014,41365.082,33219.84,31962.76,106547.68
12/16/2014,38595.03,27881.508,25359.86,91836.4
12/17/2014,40377.12,28985.95,24326.84,93689.91
12/18/2014,43446.51,30316.61,26283.17,100046.3
12/19/2014,39992.477,25332.758,27527.14,92852.375
12/20/2014,54762.96,33986.59,33725.53,122475.08
12/21/2014,55476.21,34011.258,30125.86,119613.33
12/22/2014,48037.9,29249.969,26294.27,103582.14
12/23/2014,46872.3,29148.898,29423.37,105444.57
12/24/2014,36515.94,27611.81,26529.85,90657.6
12/25/2014,10.18,25,2.68,37.86
12/26/2014,43409.14,33302.51,27565.879,104277.53
12/27/2014,46605.598,28400.34,26511.29,101517.23
12/28/2014,49531.6,25904.54,25205.96,100642.1
12/29/2014,42583.34,28322.191,22267.871,93173.41
12/30/2014,40284.92,29592.18,24123.03,94000.13
12/31/2014,42637.68,30008.309,33552.27,106198.25
1/1/2015,36033.1,24597.75,21788.63,82419.484
1/2/2015,50740.105,31793.04,40032.55,122565.69
1/3/2015,56010.92,33738.11,38217.46,127966.49
1/4/2015,58332.477,33264.7,30900,122497.17
1/5/2015,48192.934,30481.082,29728.42,108402.44
1/6/2015,40702.91,28910.23,29858.96,99472.1
1/7/2015,39243.27,28368.94,22132.25,89744.46
1/8/2015,41782.504,22645,25558.01,89985.516
1/9/2015,44090.68,28216.43,33167.62,105474.734
1/10/2015,60904.54,34312.26,41340.32,136557.12
1/11/2015,62882.89,37421,38192.68,138496.56
1/12/2015,43159.09,30631.91,32089.86,105880.86
1/13/2015,38827.43,26188.93,25518.441,90534.8
1/14/2015,37068.57,25498.68,30199.76,92767.01
1/15/2015,38727.09,29663.871,32316.41,100707.375
1/16/2015,43579.84,28409.98,32817.61,104807.43
1/17/2015,57365.902,37924.78,41194.22,136484.9
1/18/2015,56848.03,38813.2,31024.691,126685.92
1/19/2015,48637.523,31691.56,26054.85,106383.94
1/20/2015,39338.72,26025.078,21783.34,87147.14
1/21/2015,38215.312,26009.82,21393.11,85618.24
1/22/2015,35230.72,20134.229,21891.5,77256.445
1/23/2015,41210.992,28047.41,25941.3,95199.7
1/24/2015,55187.86,35355.438,35441.742,125985.04
1/25/2015,59231.184,36165.29,31646.898,127043.37
1/26/2015,40922.918,27202.89,22703.16,90828.97
1/27/2015,36396.83,23888.17,22286.75,82571.75
1/28/2015,36744.938,22845.63,22471.611,82062.18
1/29/2015,36031.16,25530.52,22283.42,83845.1
1/30/2015,45269.434,31890.541,35749.062,112909.04
1/31/2015,61263.25,38213.36,50893.35,150369.97
2/1/2015,59928.51,41330.11,19329.86,120588.484
2/2/2015,44912.38,28433.46,30887.7,104233.55
2/3/2015,44440.38,30200.47,36223.29,110864.14
2/4/2015,42708.2,29386.91,29592.08,101687.19
2/5/2015,43205.11,27449.37,32013.75,102668.23
2/6/2015,39513.45,31853.379,35910.797,107277.625
2/7/2015,68062.29,40416.918,43337.19,151816.39
2/8/2015,64050.703,43036.93,45612.77,152700.4
2/9/2015,50595.19,34505.42,32512.512,117613.125
2/10/2015,47543.312,31012.33,29571.1,108126.74
2/11/2015,42641.883,33042.79,32394.078,108078.75
2/12/2015,46344.066,35192.57,34171.58,115708.22
2/13/2015,43806.22,34489.48,34113.44,112409.14
2/14/2015,50447.555,37116.73,40905.65,128469.93
2/15/2015,53720.777,44568.14,41967.24,140256.16
2/16/2015,52082.81,32096.1,31984.172,116163.08
2/17/2015,41152.96,27934.621,27409.53,96497.11
2/18/2015,37751.297,25780.95,23900.4,87432.65
2/19/2015,36254.6,28925.98,25094.559,90275.14
2/20/2015,42631.62,32085.25,28435.17,103152.05
2/21/2015,52134.71,40001.332,40005.39,132141.44
2/22/2015,58222.76,41709.008,36890.37,136822.14
2/23/2015,43904.51,29500.328,25666.3,99071.14
2/24/2015,39005.63,27858.229,25332.541,92196.4
2/25/2015,38967.05,27750.951,24000.379,90718.375
2/26/2015,38794.953,28679.3,24647.441,92121.69
2/27/2015,44057.027,29086.55,31964.32,105107.9
2/28/2015,58619.39,38409.09,41644.55,138673.03
3/1/2015,65107.957,45951.26,37379.66,148438.88
3/2/2015,46497.336,34313.48,33018.53,113829.34
3/3/2015,45156.133,34272.23,28573.66,108002.016
3/4/2015,41492.14,30456.34,28079.352,100027.836
3/5/2015,43526.562,29814.291,29122.4,102463.25
3/6/2015,46067.57,31998.25,34023.89,112089.71
3/7/2015,59073.48,41522.48,39566.29,140162.25
3/8/2015,66920.08,40805.44,42251.54,149977.06
3/9/2015,47445.65,32910.22,33083.953,113439.82
3/10/2015,44107.9,35618.4,26591.24,106317.54
3/11/2015,41495.68,31253.102,30275.781,103024.56
3/12/2015,41338.28,32674.25,32384.7,106397.234
3/13/2015,46308.617,36122.17,30246.77,112677.56
3/14/2015,56764.582,39896.84,40819.17,137480.6
3/15/2015,65723.79,44475.68,42368.09,152567.56
3/16/2015,46346.324,35718.29,28933.89,110998.5
3/17/2015,41227.203,32167.61,24792.59,98187.41
3/18/2015,38930.844,29828.4,24646.58,93405.82
3/19/2015,38381.75,30282.95,23654.371,92319.08
3/20/2015,44533.14,32478.92,26119.549,103131.61
3/21/2015,59860.63,35724.52,35517.34,131102.48
3/22/2015,65005.53,42113.727,32994.96,140114.22
3/23/2015,46498.723,32420.61,23725.941,102645.266
3/24/2015,39389.99,20582.71,23704.61,83677.31
3/25/2015,41125.2,38146.383,22578.67,101850.25
3/26/2015,41189.73,27658.738,23921.64,92770.11
3/27/2015,44222.61,29559.75,26755.01,100537.37
3/28/2015,56606.98,37880.08,34777.15,129264.21
3/29/2015,60293.973,41567.062,31103.07,132964.1
3/30/2015,45796.13,30954.96,22219.21,98970.305
3/31/2015,43783.53,28670.281,23608.188,96062
4/1/2015,46628.85,34165.8,28193.229,108987.88
4/2/2015,45017.56,28764.68,28506.8,102289.03
4/3/2015,53528.81,40262.46,38959.742,132751
4/4/2015,66751.14,41866.37,38591.64,147209.16
4/5/2015,60687.96,42124.89,30697.959,133510.81
4/6/2015,48153.45,36801.73,30720.5,115675.68
4/7/2015,45382.24,33664.45,27299.35,106346.04
4/8/2015,45577.13,30896.04,30930.41,107403.58
4/9/2015,43894.523,33636.78,30054.75,107586.055
4/10/2015,48893.45,32971.63,32717.578,114582.66
4/11/2015,58797.293,41655.96,40258.68,140711.94
4/12/2015,64505.08,45454.367,40918.23,150877.67
4/13/2015,42841.85,36760.13,28742.883,108344.87
4/14/2015,42921.008,29427.16,30548.75,102896.92
4/15/2015,41858.344,32792.54,32263,106913.88
4/16/2015,43189.28,29081.43,26102.78,98373.49
4/17/2015,45707.203,29812.8,27510.58,103030.58
4/18/2015,54881.555,41982.74,35761.6,132625.9
4/19/2015,64109.812,41848.61,35800.23,141758.66
4/20/2015,46338.79,33529.33,25913.11,105781.23
4/21/2015,42419.91,29803.1,24383.04,96606.05
4/22/2015,41629.09,29317.46,24291.1,95237.65
4/23/2015,42927.06,29111.969,24421.05,96460.08
4/24/2015,46770.918,31569.19,28906.758,107246.87
4/25/2015,61144.16,39018.24,36675.06,136837.45
4/26/2015,61149.734,40955.812,34116.93,136222.47
4/27/2015,46430.977,32808.04,26002.648,105241.664
4/28/2015,41740.45,28127.879,22298.281,92166.61
4/29/2015,38631.06,27490.71,21586.29,87708.055
4/30/2015,40796.56,28372.18,25220.93,94389.664
5/1/2015,53005.344,38007.72,33211.88,124224.94
5/2/2015,59205.46,42069.64,40115.07,141390.17
5/3/2015,66275.65,45816.28,42155.45,154247.38
5/4/2015,54030.973,33842.63,30674.8,118548.41
5/5/2015,45640.75,31074.74,31125.23,107840.72
5/6/2015,44656.62,31852.62,30595.328,107104.57
5/7/2015,42937.06,34673.03,26076.58,103686.67
5/8/2015,48795.13,32414.14,33666.83,114876.09
5/9/2015,60374.703,41538.27,43501.75,145414.72
5/10/2015,52586.332,36789.52,29641.738,119017.59
5/11/2015,49980.883,36976.07,30849.93,117806.88
5/12/2015,45180.51,31814.86,32686.512,109681.89
5/13/2015,44615.6,33553.1,26568.941,104737.64
5/14/2015,40139.445,31994.84,30012.86,102147.14
5/15/2015,49146.047,34296.727,33413.53,116856.305
5/16/2015,59500.777,43372.22,35826.227,138699.22
5/17/2015,61527.89,42888.72,37121.23,141537.84
5/18/2015,47936.68,33932.43,26841.58,108710.69
5/19/2015,43175.78,29553.29,24959.611,97688.68
5/20/2015,41606.617,30898.61,25519.06,98024.29
5/21/2015,42498.06,28103.281,24750.4,95351.74
5/22/2015,50511.8,33270.39,29289.36,113071.55
5/23/2015,54814.555,39907.61,30684.12,125406.28
5/24/2015,55390.75,37923.79,28428.791,121743.33
5/25/2015,58211.797,35102.36,28098.77,121412.92
5/26/2015,44524.668,29636.719,23798.11,97959.5
5/27/2015,41315.24,30453.992,22853.79,94623.02
5/28/2015,40532.258,29703.969,22917.82,93154.05
5/29/2015,43588.39,29836,26709.049,100133.44
5/30/2015,58752.62,33229.91,34943.52,126926.05
5/31/2015,63098.258,42313.42,32907.35,138319.03
6/1/2015,52755.63,37530.29,30276.8,120562.72
6/2/2015,48077.133,30423.57,29807.799,108308.5
6/3/2015,46866.156,33738.27,33912.77,114517.19
6/4/2015,46966.77,30324.238,28321.23,105612.234
6/5/2015,49963.492,34775.31,32981.438,117720.234
6/6/2015,63399.21,40415.71,37965.1,141780.03
6/7/2015,65606.72,44206.36,36462.54,146275.62
6/8/2015,53407.5,33435.89,31304.34,118147.734
6/9/2015,49007.945,32336.389,30708.379,112052.72
6/10/2015,48471.38,30768.281,27118.102,106357.76
6/11/2015,45182.645,31857.309,29195.709,106235.664
6/12/2015,49168.45,33930.36,35530.93,118629.74
6/13/2015,61585.22,39423.38,34309.31,135317.9
6/14/2015,64406.902,41663.63,37668.883,143739.4
6/15/2015,51571.8,56205.92,32867.73,140645.45
6/16/2015,45129.9,23148.94,26872.91,95151.75
6/17/2015,45678.05,23728.06,25979.8,95385.91
6/18/2015,47184.04,28389,26629.99,102203.03
6/19/2015,50016.637,30797.11,30999.9,111813.65
6/20/2015,61082.867,36978.598,31387.52,129448.984
6/21/2015,57200.57,35808.008,28635.62,121644.195
6/22/2015,49537.703,29859.39,25561.7,104958.8
6/23/2015,45770.77,27820.71,24391.951,97983.44
6/24/2015,43084.758,28012.31,23016.951,94114.02
6/25/2015,44575.934,26840.65,22496.78,93913.37
6/26/2015,50065.457,30318.031,26797.549,107181.03
6/27/2015,60160.223,36175.09,29285.03,125620.34
6/28/2015,64628.48,36878.72,29079.959,130587.164
6/29/2015,48758.54,29140.719,24993.23,102892.484
6/30/2015,45604.383,25042.29,24394.658,95041.33
7/1/2015,50403.977,32423.52,29643.531,112471.03
7/2/2015,54716.15,35260.977,34652.43,124629.555
7/3/2015,68770.9,43235.27,45715.43,157721.6
7/4/2015,49253.93,33341.14,26657.809,109252.875
7/5/2015,60286.66,37208.78,34251.62,131747.06
7/6/2015,55357.23,35335.76,33689.37,124382.36
7/7/2015,50192.68,33036.24,28878.281,112107.2
7/8/2015,48298.97,30060.012,30909.81,109268.8
7/9/2015,49330.06,31653.07,31602.2,112585.33
7/10/2015,55943.5,33135.54,32106.99,121186.03
7/11/2015,65130.695,39108.3,38357.68,142596.69
7/12/2015,67258.04,44803.88,37787.25,149849.17
7/13/2015,52970.703,36821.4,28586.88,118378.984
7/14/2015,46345.82,30407.7,31940.299,108693.81
7/15/2015,48719.11,32756.13,32924.25,114399.49
7/16/2015,48812.78,32467.73,31087.42,112367.94
7/17/2015,53215.25,34890.4,33795.67,121901.32
7/18/2015,63221.7,40073.94,33123.297,136418.94
7/19/2015,65644.66,41214.562,34347.16,141206.38
7/20/2015,52065.55,34396.28,26433.65,112895.48
7/21/2015,47866.312,29006.33,25410.27,102282.91
7/22/2015,44874.816,28298.98,25124.371,98298.17
7/23/2015,45886.22,30312.16,24402.168,100600.55
7/24/2015,51777.64,33656.48,28096.02,113530.14
7/25/2015,60215.332,37486.418,30438.371,128140.125
7/26/2015,63232.098,39707.48,31129.86,134069.44
7/27/2015,51323.77,30618.19,25617.648,107559.61
7/28/2015,45059.86,28690.121,23051.42,96801.41
7/29/2015,44372.234,26636.23,22636.94,93645.41
7/30/2015,46138.57,27515.91,25204.28,98858.766
7/31/2015,53130.223,34876.5,35100.23,123106.95
8/1/2015,69022.88,41920.992,36770.59,147714.47
8/2/2015,72407.81,42090.45,38539.5,153037.77
8/3/2015,57912.27,39686.51,37471.47,135070.25
8/4/2015,52683.72,31923.492,28164.43,112771.64
8/5/2015,50341.297,32159.309,30509.059,113009.67
8/6/2015,50150.117,33832.938,29819.621,113802.67
8/7/2015,55299.04,36061.81,30695.98,122056.83
8/8/2015,68581.88,40452.76,35044.11,144078.75
8/9/2015,73777.03,44348.7,38580.742,156706.47
8/10/2015,56181.082,32848.41,27236.549,116266.04
8/11/2015,49847.836,29128.473,28969.219,107945.53
8/12/2015,50291.14,32696.98,28726.06,111714.19
8/13/2015,46741.18,32999.04,27588.05,107328.266
8/14/2015,51176.64,34322.24,34336.05,119834.92
8/15/2015,67488.8,41217.93,37718.55,146425.28
8/16/2015,74514.016,42747.79,35505.11,152766.9
8/17/2015,56027.867,32891.82,29386.75,118306.44
8/18/2015,50213.31,29662.21,27347.89,107223.41
8/19/2015,49306.855,26696.879,25683.238,101686.97
8/20/2015,47791.28,26455.39,24359.719,98606.39
8/21/2015,51306.742,32116.1,27867.31,111290.16
8/22/2015,65385.21,39591.992,31700.36,136677.56
8/23/2015,71506.73,42693.1,32134.418,146334.25
8/24/2015,49310.41,31721.781,25784.2,106816.39
8/25/2015,45377.28,26732.39,24763.07,96872.74
8/26/2015,42560.14,28261.21,25949.18,96770.53
8/27/2015,44092.78,26596.68,25994.309,96683.766
8/28/2015,49106.42,27343.01,30499.73,106949.16
8/29/2015,64724.01,35275.453,35631.07,135630.53
8/30/2015,72037.09,40954.68,34148.55,147140.33
8/31/2015,50700.395,28736.07,29000.777,108437.25
9/1/2015,50164.88,31430.96,31626.82,113222.664
9/2/2015,48719.75,28489.41,31544.27,108753.42
9/3/2015,49093.36,31253.418,35178.38,115525.16
9/4/2015,55964.39,30020.62,32053.559,118038.56
9/5/2015,64380.36,39251.32,37648.34,141280.02
9/6/2015,60490.71,35897.9,34521.492,130910.1
9/7/2015,66010,38631.2,31703.8,136345
9/8/2015,49597.55,28831.133,28791.12,107219.805
9/9/2015,48825.12,29213.479,32347.98,110386.58
9/10/2015,49677.94,28149.93,29061.41,106889.28
9/11/2015,52039.523,31269.07,35237.73,118546.33
9/12/2015,66856.47,40304.96,42419.64,149581.06
9/13/2015,72211.875,44811.31,38161.82,155185
9/14/2015,49107.594,33303.66,32803.008,115214.26
9/15/2015,47550.586,31239.031,31761.65,110551.266
9/16/2015,43731.938,28651.6,27403.328,99786.87
9/17/2015,45835.88,28432.2,27801.28,102069.36
9/18/2015,53049.582,32126.078,30965.238,116140.89
9/19/2015,69594.21,40573.902,37070.227,147238.34
9/20/2015,72506.11,44717.88,35732.477,152956.47
9/21/2015,53924.14,30514.29,26683.38,111121.81
9/22/2015,48814.188,29099.48,23634.39,101548.06
9/23/2015,47134.23,30308.73,24635.16,102078.125
9/24/2015,45164.82,28809.9,25067.26,99041.98
9/25/2015,54075,31850.25,30682.633,116607.88
9/26/2015,66298.125,38323.8,35952.688,140574.61
9/27/2015,70969.29,41073.56,35857.547,147900.39
9/28/2015,49871.95,29558.82,24331.041,103761.805
9/29/2015,43938.13,26762.67,24128.53,94829.33
9/30/2015,43560.17,25979.46,26034.27,95573.91
10/1/2015,49068.48,33726.59,31508.531,114303.6
10/2/2015,57671.734,34869.58,40357.75,132899.06
10/3/2015,74902.92,42559.32,47806.082,165268.33
10/4/2015,77050.945,43543.88,41435.258,162030.1
10/5/2015,57849.72,35836.98,35983.8,129670.5
10/6/2015,50407.82,33335.02,34345.887,118088.734
10/7/2015,48362.57,31533,28384.23,108279.8
10/8/2015,49092.492,30937.79,33867.258,113897.54
10/9/2015,56324.38,35387.14,39483.11,131194.62
10/10/2015,68647.67,40022.5,41457.98,150128.16
10/11/2015,67460.79,44953.01,41708.66,154122.45
10/12/2015,58799.98,36547.98,36163.99,131511.95
10/13/2015,46968.13,32125.871,29614.258,108708.26
10/14/2015,45811.832,25635.9,32799.87,104247.61
10/15/2015,45370.93,32106.691,34450.15,111927.77
10/16/2015,51187.6,32849.55,34587.22,118624.375
10/17/2015,68102.734,40339.34,39027.3,147469.38
10/18/2015,75201.31,42450.98,38067.73,155720.03
10/19/2015,52394.098,32564.059,26814.41,111772.56
10/20/2015,47153.652,28990.14,25618.55,101762.34
10/21/2015,44653.195,29313.36,25751.67,99718.23
10/22/2015,44822.5,29587.03,26264.762,100674.3
10/23/2015,50533.69,35490.9,30891.5,116916.09
10/24/2015,63289.992,37660.41,38792.58,139742.98
10/25/2015,71959.234,35816.79,35554.73,143330.75
10/26/2015,49832.938,33409.06,27101.55,110343.55
10/27/2015,46976.81,27287.59,25357.64,99622.04
10/28/2015,44997.293,27670.19,23871.14,96538.625
10/29/2015,46343.312,29087.55,27495.088,102925.945
10/30/2015,54100.61,33886.98,37787.258,125774.85
10/31/2015,64421.82,32431.53,36399.94,133253.3
11/1/2015,71375.25,42322.61,37040.78,150738.64
11/2/2015,49879.15,32693.309,33105.918,115678.375
11/3/2015,51478.7,32635.2,35225.242,119339.14
11/4/2015,46999.83,30278.781,26960.99,104239.6
11/5/2015,45754.06,29521.75,32070.648,107346.46
11/6/2015,53055.11,34428.03,37299.68,124782.82
11/7/2015,68239.99,41304.02,41895.65,151439.66
11/8/2015,71249.67,41318.5,42001.63,154569.8
11/9/2015,49581.1,33000.25,34339.54,116920.89
11/10/2015,49201.11,29363.75,27306.219,105871.08
11/11/2015,47545.55,28737.68,29164.26,105447.49
11/12/2015,43326.83,28568.25,31509.48,103404.56
11/13/2015,48145.41,32352.86,33686.73,114185
11/14/2015,66471.234,37992.11,45436.86,149900.2
11/15/2015,72359.73,46143.133,42861.55,161364.4
11/16/2015,49744.65,34037.6,29756.93,113539.18
11/17/2015,44782.227,24711.64,22872.95,92366.81
11/18/2015,43846.9,31559.87,28209.889,103616.66
11/19/2015,42923.58,30563,28822.578,102309.16
11/20/2015,49212.98,31335.432,40541.32,121089.734
11/21/2015,64997.52,38938.86,32291.09,136227.47
11/22/2015,68943.88,39639.906,35449.72,144033.5
11/23/2015,52122.38,30885.527,27119.53,110127.44
11/24/2015,48026.68,30607.812,28107.3,106741.8
11/25/2015,52956.992,35775.668,32571.06,121303.72
11/26/2015,29202.99,24728.1,17612.16,71543.25
11/27/2015,37017.91,25337.13,23383.22,85738.26
11/28/2015,50113.71,30269.4,28667.55,109050.66
11/29/2015,58339.56,33209.74,30891.41,122440.7
11/30/2015,48365.05,29076.02,25101.35,102542.42
12/1/2015,48671.203,32492.129,30360.42,111523.75
12/2/2015,46183.25,27845.379,31494.36,105522.984
12/3/2015,50016.504,32097.012,40087.84,122201.36
12/4/2015,57514.49,31005.1,36646.57,125166.16
12/5/2015,67002.47,37378.29,44592.32,148973.08
12/6/2015,70812.42,41943.273,44495.13,157250.83
12/7/2015,51266.85,34165.15,30666.242,116098.24
12/8/2015,45799.08,27489.828,31927.18,105216.086
12/9/2015,45499.18,28799.422,32222.031,106520.63
12/10/2015,44134.777,29441.49,27663.959,101240.23
12/11/2015,47891.14,31393.84,35172.27,114457.25
12/12/2015,64531.28,39989.94,43008.008,147529.22
12/13/2015,65464.062,41776.652,38005.55,145246.27
12/14/2015,51515.83,36400,34322.22,122238.05
12/15/2015,46986.02,35181.7,33858.3,116026.016
12/16/2015,47387.24,33651.812,29092.93,110131.98
12/17/2015,47976.21,34214.71,31006.629,113197.55
12/18/2015,47779.64,30745.75,32091.53,110616.92
12/19/2015,64779.566,36234.62,37337.938,138352.12
12/20/2015,62870.086,39824.02,36039.03,138733.14
12/21/2015,50795.73,32866.75,30294.121,113956.61
12/22/2015,51752.027,32361.47,30934.629,115048.125
12/23/2015,52819.77,33560.29,33455.9,119835.96
12/24/2015,45513.33,34009.832,33483.12,113006.28
12/25/2015,11.52,12.76,6.51,30.79
12/26/2015,55522.04,39646.03,29933.379,125101.45
12/27/2015,54653.13,32201.973,30058.75,116913.85
12/28/2015,49734.727,30778.48,17179.77,97692.97
12/29/2015,48709.35,29091.512,24758.242,102559.1
12/30/2015,49106.62,28907.8,30934.33,108948.75
12/31/2015,53135.953,36818.22,46617.48,136571.66
1/1/2016,43984.38,28819.48,30651.098,103454.95
1/2/2016,62752.543,35258.97,44597.992,142609.5
1/3/2016,65285.37,37304.44,40809.22,143399.03
1/4/2016,53944.72,33082.29,31171.418,118198.42
1/5/2016,47029.72,30828.34,35603.047,113461.11
1/6/2016,43196.066,26165,34041.91,103402.97
1/7/2016,48945.582,34221.84,29003.8,112171.22
1/8/2016,51482.42,31654.771,36859.74,119996.94
1/9/2016,72495.11,41935.04,48132.22,162562.38
1/10/2016,71077.2,41854.06,36419.43,149350.69
1/11/2016,50943.543,33681.31,32835.25,117460.1
1/12/2016,45382.293,31828.559,32607.98,109818.83
1/13/2016,41537.28,30347.973,29358.13,101243.38
1/14/2016,42317.05,30041.352,38615.64,110974.05
1/15/2016,50618.14,35971.95,44572.9,131163
1/16/2016,68185.82,40984.4,48633.58,157803.8
1/17/2016,66694.69,42785.42,34876.88,144356.98
1/18/2016,57448.8,35174.73,28379.738,121003.266
1/19/2016,42276.08,28745.027,27659.059,98680.17
1/20/2016,44913.617,29206.441,28217.3,102337.36
1/21/2016,43873.203,28203.238,26311.559,98388
1/22/2016,47312.188,32234.09,33068.008,112614.29
1/23/2016,73195.92,38523.95,40887.35,152607.22
1/24/2016,71125.516,41650.99,39256.34,152032.84
1/25/2016,50351.03,31332.04,26570.432,108253.5
1/26/2016,45043.332,26231.46,25085.5,96360.3
1/27/2016,43894.85,28222.398,27180.92,99298.17
1/28/2016,44695.65,28890.701,28980.271,102566.625
1/29/2016,49930.01,31325.93,35186.707,116442.64
1/30/2016,69071.44,38702.61,45999.508,153773.56
1/31/2016,76247.25,43568.33,41889.66,161705.23
2/1/2016,53596.957,38708.11,39401.96,131707.03
2/2/2016,49358.656,29716.379,32973.26,112048.3
2/3/2016,49011.64,35346.61,38646.656,123004.91
2/4/2016,49711.047,30374.56,31088.09,111173.7
2/5/2016,54013.34,34078.87,38666.73,126758.94
2/6/2016,74823.055,45889.62,53726.03,174438.7
2/7/2016,61215.258,46789.633,42698.28,150703.17
2/8/2016,51718.734,34398.64,32315.79,118433.164
2/9/2016,50089.18,35062.16,37648.79,122800.13
2/10/2016,52402.69,36197.598,36822.797,125423.086
2/11/2016,54077.906,41757.48,45057.047,140892.44
2/12/2016,52878.18,39095.89,46207.09,138181.16
2/13/2016,69947.85,46448.438,51540.777,167937.06
2/14/2016,60151.56,44656.367,47097.477,151905.4
2/15/2016,63302.47,40629.87,42730.58,146662.92
2/16/2016,48735.19,33306.9,35038.562,117080.66
2/17/2016,46100.03,32380.16,34120.46,112600.65
2/18/2016,49272.77,32865.56,31468.81,113607.14
2/19/2016,53506.883,34857.61,36000.75,124365.24
2/20/2016,68133.766,43326.65,47299.17,158759.6
2/21/2016,74550.74,48116.312,43780.8,166447.86
2/22/2016,52794.86,34054.78,31266.11,118115.75
2/23/2016,46550.25,30996.133,29439.02,106985.41
2/24/2016,45643.58,32395.27,30349.1,108387.945
2/25/2016,46647.527,30842.58,31466.861,108956.97
2/26/2016,51245.53,32294.5,32722.16,116262.19
2/27/2016,68794.19,37415.918,41797.79,148007.9
2/28/2016,74294.32,45087.332,42198.28,161579.94
2/29/2016,53032.09,33622.67,32015.94,118670.7
3/1/2016,52448.97,35874.31,27697.59,116020.875
3/2/2016,48875.16,32183.129,38406.62,119464.91
3/3/2016,50212.75,36781.98,42902.18,129896.914
3/4/2016,50460.54,32378.691,38540.61,121379.84
3/5/2016,71615.53,40642.02,50340.41,162597.95
3/6/2016,82517.86,47438.98,51488.73,181445.58
3/7/2016,54934.03,38147.94,33675.39,126757.36
3/8/2016,50662.36,31385.52,34832.7,116880.58
3/9/2016,49689.36,29294.77,35985.77,114969.89
3/10/2016,49653.133,33646.73,34873.7,118173.56
3/11/2016,51782.13,36086.23,39291.52,127159.875
3/12/2016,72018.58,42659.95,48384.332,163062.86
3/13/2016,72198.46,44257.77,46109.7,162565.94
3/14/2016,54504.29,38038.9,37838.39,130381.58
3/15/2016,48534.367,37368.29,38912.97,124815.625
3/16/2016,48111.37,33967.438,32885.93,114964.74
3/17/2016,46361.88,33069.082,30420.701,109851.664
3/18/2016,52860.47,34447.63,35012.29,122320.38
3/19/2016,60808.32,38512.008,43139.383,142459.72
3/20/2016,65282.367,43772.2,43433.652,152488.22
3/21/2016,54337.57,32790.04,31391.18,118518.79
3/22/2016,48631.418,32645.32,29105.14,110381.875
3/23/2016,48245.242,33266,26834.12,108345.36
3/24/2016,48680.844,29486.18,27501.11,105668.13
3/25/2016,60033.03,37570.37,41618.14,139221.55
3/26/2016,74473.5,43190.61,46058.82,163722.94
3/27/2016,68899.86,41471.68,32833.13,143204.67
3/28/2016,50438.105,33799.97,30183.098,114421.17
3/29/2016,49842.88,26686.58,28948.422,105477.88
3/30/2016,46399.46,28839.29,26076.99,101315.74
3/31/2016,49767.52,30676.621,27957.541,108401.68
4/1/2016,62288.945,38647.21,43557.77,144493.92
4/2/2016,73376.1,41823.16,50559.727,165759
4/3/2016,81978.08,46542.06,52302.3,180822.44
4/4/2016,60603.83,34003.75,34220.812,128828.39
4/5/2016,53385.72,34676.95,37501.46,125564.13
4/6/2016,50927.87,33916.11,37962.75,122806.734
4/7/2016,50730.473,34279.8,34604.17,119614.445
4/8/2016,57508.25,33821.32,42400.02,133729.6
4/9/2016,76784.05,43490.38,57357.9,177632.31
4/10/2016,80759.7,45746.78,47816.59,174323.08
4/11/2016,57641.547,36510.12,40540.78,134692.45
4/12/2016,48782.84,33931.99,39099.15,121813.98
4/13/2016,48142.32,32461.82,31925.162,112529.305
4/14/2016,49425.18,33425.45,36226.36,119076.984
4/15/2016,53307.71,34542.33,42719.43,130569.47
4/16/2016,67825.766,40595.617,44198.88,152620.27
4/17/2016,75769.164,45501.65,44187.18,165458
4/18/2016,56722.88,32020.508,31801.95,120545.34
4/19/2016,51756.918,36367.57,31162.219,119286.7
4/20/2016,50003.75,31321.652,31503.332,112828.734
4/21/2016,46834.617,31205.16,32370.49,110410.27
4/22/2016,55651.996,33884.35,37503.95,127040.3
4/23/2016,72937.125,39042.59,43213.95,155193.67
4/24/2016,78494.61,41611.38,42818.09,162924.08
4/25/2016,57761.95,34902.54,30697.48,123361.97
4/26/2016,50120.99,32188.39,30340.7,112650.08
4/27/2016,48522.1,30763.328,28499,107784.43
4/28/2016,48644,31519.082,30349.738,110512.81
4/29/2016,57081.227,39215.89,39276.71,135573.83
4/30/2016,73431.67,41759.55,44185.46,159376.69
5/1/2016,79564.445,46902.32,44859.58,171326.34
5/2/2016,63376.2,35604.28,38787.168,137767.66
5/3/2016,58095.09,38928.367,41863.582,138887.03
5/4/2016,54889.24,32320.82,35675.797,122885.86
5/5/2016,53010.57,35312.73,39900.49,128223.78
5/6/2016,58533.266,38134.58,40637.15,137305
5/7/2016,76934.55,45062.58,48628.39,170625.52
5/8/2016,66208.48,38333.61,41277.527,145819.61
5/9/2016,62105.73,40132.31,44272.773,146510.81
5/10/2016,56964.27,35509.62,33938.38,126412.266
5/11/2016,53868.03,36620.88,43712.4,134201.31
5/12/2016,51522.45,36609.03,39380.57,127512.055
5/13/2016,59648.3,39519.39,38636.477,137804.16
5/14/2016,76920.38,40080.812,54718.594,171719.78
5/15/2016,82372.48,54031.71,55537.54,191941.72
5/16/2016,59146.01,40042.38,35682.27,134870.66
5/17/2016,52456.78,36611.47,33351.17,122419.42
5/18/2016,51584.113,33051.07,31697.93,116333.12
5/19/2016,53695.758,30074.18,33686.38,117456.31
5/20/2016,56724.33,39795.89,37480.45,134000.67
5/21/2016,76344.32,44046.8,42004.53,162395.66
5/22/2016,82268.625,49441.484,43587.312,175297.42
